pool,block_number,block_hash,block_time,log_index,tx_hash,sender,recipient,amount0,amount1,sqrt_price_x96,liquidity,price,tick,gasUsed,gasPrice
mypool,15837648,0xb76898cee2baa3001df2c9b9ab7db8c79dcd0a10fe359406f547fac319a442cb,1666852439,134,0xb76898cee2baa3001df2c9b9ab7db8c79dcd0a10fe359406f547fac319a442cb,0x8ef80b44a83b410ec352a4e878eb06112ab93a0b,recipient,8.0,-0.005115790092532983,2003006460266103142268144162107613,0,1564.5680866048713,202766,209248,10513168189
mypool,15837649,0x1258c8cc0d4b4d5d9a5658ce30727d192285285d9b8c712c5695b070f0852f76,1666852451,204,0x1258c8cc0d4b4d5d9a5658ce30727d192285285d9b8c712c5695b070f0852f76,0x218b689f3ee0c110fcf5f5b513a16cadf7a7a343,recipient,-2000.0,1.2776655401998802,2003001179254406000838098318428109,0,1564.5763367380657,202766,343369,10477223825
mypool,15837650,0x2d0d6b7a718622925aa20229c69e52145958197f416e9e2dd28fe314fdf56bf3,1666852463,43,0x2d0d6b7a718622925aa20229c69e52145958197f416e9e2dd28fe314fdf56bf3,0x1a54220656fa426a20331141324260398a549314,recipient,60285.075771,-38.5535867625,2003160454225269153182007781491205,0,1564.3275419469821,202768,251176,8817510261
mypool,15837654,0x580c40674feb5c6bab9ac04b3ccc18d8165a909ab226bdaef146db6f0b341730,1666852511,96,0x580c40674feb5c6bab9ac04b3ccc18d8165a909ab226bdaef146db6f0b341730,0x27c3d8e6d0505b28ca55bbb12f3a382c257d941d,recipient,7231.323963,-4.625,2003180175579397787599859880773332,0,1564.296740418551,202768,195576,11590107446
mypool,15837654,0x6b74e1e9124bfa2e425970678b1c9f32dc434590013d8724f8068289322d4e3c,1666852511,51,0x6b74e1e9124bfa2e425970678b1c9f32dc434590013d8724f8068289322d4e3c,0x60374e7ecfc6563bd10eb2c0d6269cf2f12e9390,recipient,232.479582,-0.1486875,2003161068492298991505107981077376,0,1564.3265825486585,202768,320040,10921111076
mypool,15837655,0x3a63da5a2a88d0fb5f12656f18c63ec723d1ec785e6a5ccf8b640bd0fa4034eb,1666852523,92,0x3a63da5a2a88d0fb5f12656f18c63ec723d1ec785e6a5ccf8b640bd0fa4034eb,0xfd700870c05eea211401eaed0d9efb96f7ff3fea,recipient,10000.0,-6.395931293162934,2003206598847786194025264902604901,0,1564.255473022539,202768,188738,11747468162
mypool,15837657,0xc46e4f5ce0b2c3d36c49dd3c1702a42444205f274999a30296089b638502cb7b,1666852547,376,0xc46e4f5ce0b2c3d36c49dd3c1702a42444205f274999a30296089b638502cb7b,0xedc2fdcc98b72e6e0406e795e485f1665ec8cfc6,recipient,-150.0,0.09584444229534222,2003207692944446457972255089243995,0,1564.2537643168193,202768,335328,11555259197
mypool,15837657,0xfcb501cbc499ca56da8e8a531045e7215f2358753aeee3c027a4f14b2e454e90,1666852547,326,0xfcb501cbc499ca56da8e8a531045e7215f2358753aeee3c027a4f14b2e454e90,0x0124d0fa0dfb1430dfcff16ec6a96945e7a0bc10,recipient,563.984916,-0.3607259043235934,2003208089101034346000619852314629,0,1564.2531456198642,202768,3000000,11555259197
mypool,15837658,0x277c39cd804c49d17fdb8d3153f1430132f11d332071e2b7f309100309d31b56,1666852559,59,0x277c39cd804c49d17fdb8d3153f1430132f11d332071e2b7f309100309d31b56,0xd5cf0cb9a8df9b46f077f561d8b76c34a69bd82f,recipient,1830.559496,-1.1708328268255077,2003212529961700573565428327144074,0,1564.24621013752,202768,500000,17882507566
mypool,15837659,0x4e53a82ecb1bc233d46baaf80debf4779358e78014ef3b914a474a4a428568ff,1666852571,12,0x4e53a82ecb1bc233d46baaf80debf4779358e78014ef3b914a474a4a428568ff,0x34ec9e3a1ac200ea58744ced891015152130e400,recipient,113309.259303,-72.48381290477593,2003501108867479776783972900439435,0,1563.7956229650315,202771,301893,10985211114
mypool,15837661,0xc70f2b351131e873e30ce0e68a24be29841935daabbe45bec2f1d8fb9d35207d,1666852595,208,0xc70f2b351131e873e30ce0e68a24be29841935daabbe45bec2f1d8fb9d35207d,0xa483254773cfe94d502557099945caf90725473f,recipient,42911.576041,-27.455839763999997,2003607482643835300427181642986439,0,1563.629580033436,202772,278170,10983165045
mypool,15837662,0x2c59392867763518a63ae2710c52fec1d4545da5a27444b75f98934a2d68d3f6,1666852607,165,0x2c59392867763518a63ae2710c52fec1d4545da5a27444b75f98934a2d68d3f6,0xdaa822a52ac3a392e0619ce3c849f67d6a9482da,recipient,-30.001635,0.01917758097591909,2003607408305835318489980883567526,0,1563.6296960612542,202772,1000000,11370188910
mypool,15837663,0x0334cb3243f7fcdd6d9c4a326b42c607ad15d9fb43407ef18314b4f1db39f379,1666852619,2,0x0334cb3243f7fcdd6d9c4a326b42c607ad15d9fb43407ef18314b4f1db39f379,0xf42508a3f1f3f097e7cfe5080feba1a8fd97d192,recipient,593699.484463,-380.14670192374155,2004916303430368680355651711172757,0,1561.588753784182,202785,203182,856312806649
mypool,15837664,0x390677245456c786dde6e3ac74562d544ed6a5f2ff0965b2c39e0f09e95bc331,1666852631,110,0x390677245456c786dde6e3ac74562d544ed6a5f2ff0965b2c39e0f09e95bc331,0xba35963363188db088e96684aa91c1ca5cdf5c5f,recipient,372.159733,-0.23844052366745436,2004917022917814262533299178684672,0,1561.58763299635,202785,900000,13164596636
mypool,15837666,0xf3bb92af81bfa3d319afe9352bac2ce1d07824673bd1460b358bbf1a9e1ea2ec,1666852655,2,0xf3bb92af81bfa3d319afe9352bac2ce1d07824673bd1460b358bbf1a9e1ea2ec,0x2393eabfb6885e83822f79cbf5bd1fc05c95fe54,recipient,219380.73852,-140.58573400868656,2005341406355567540876770299441446,0,1560.9267561977836,202790,193151,115019319406
mypool,15837668,0xb7bf7037c04e31cf6f2f7bf5a2ee534561e956cae77f348f958dc4f613b40ef6,1666852679,250,0xb7bf7037c04e31cf6f2f7bf5a2ee534561e956cae77f348f958dc4f613b40ef6,0xb1239ad3699ecaa07aa9e0f39b4bcd912427220a,recipient,-3500.190155,2.2416579479135468,2005516848401369178169763076901743,0,1560.6536692821423,202791,650000,11771493214
mypool,15837668,0xbffb62d72d38e11ea68c258f3c9ee02885528829d8642e96706c83341e24b1e4,1666852679,15,0xbffb62d72d38e11ea68c258f3c9ee02885528829d8642e96706c83341e24b1e4,0x3fbaea01b228368e67ca40d8cb195018fd095318,recipient,95467.652728,-61.19703204899999,2005523522691639519964977903638476,0,1560.6432817318096,202791,251288,10581493214
mypool,15837669,0x0cc2d48b243518f9c5d5f2d8537499e95c8262afb19b870d2a4691d38f97183a,1666852691,186,0x0cc2d48b243518f9c5d5f2d8537499e95c8262afb19b870d2a4691d38f97183a,0x10763988715993eaf59905029ce3414ada0b5200,recipient,-3673.628657,2.352718664704,2005509843440015774109032545504298,0,1560.6645715848838,202791,242064,11500270642
mypool,15837670,0x0a8a97af9d155e5607fa45632ccc4ac194783fbdc3de397e447bae8452f7799c,1666852703,9,0x0a8a97af9d155e5607fa45632ccc4ac194783fbdc3de397e447bae8452f7799c,0x30f1d1ffad34b24bb8310ad9dd237b854b4daea7,recipient,-10931.113671,7.000565503849424,2005489000025313401058468083250654,0,1560.6970122992625,202791,248468,13304150571
mypool,15837671,0xdae86135368379cb1dde35f19304cc2e8d60a436873ffba6562c79b2b76e9199,1666852715,63,0xdae86135368379cb1dde35f19304cc2e8d60a436873ffba6562c79b2b76e9199,0x0cac3d1a887206e0f6169222c4504301a8b4b993,recipient,459951.819836,-294.9856877265,2006356433676686157185698719112311,0,1559.3477919590462,202800,338156,15622475728
mypool,15837672,0x365c9892d0cf5a47a5e019afa07bfab41e916338f2e1b9ec14ea3fe9085a89ab,1666852727,147,0x365c9892d0cf5a47a5e019afa07bfab41e916338f2e1b9ec14ea3fe9085a89ab,0xbfd15310f57389d50f3bf19cfdd56ffb562b7269,recipient,-1306.374838,0.8373467798473271,2006350539641623539245910927581048,0,1559.3569537320054,202800,335108,11503965687
mypool,15837672,0x62a68a5a581cadb08e2295e7ca05bd68796a2d25aab998009811396471c8fa20,1666852727,265,0x62a68a5a581cadb08e2295e7ca05bd68796a2d25aab998009811396471c8fa20,0x3cbac8a11ca64394212f548ab2a9c3d75c6953ec,recipient,-1529.93378,0.9806402287995587,2006349324929574987618562886707163,0,1559.358841907937,202800,407025,11003965687
mypool,15837672,0x77bb66bb6abcc02024000861dc9f914e1fb44b1e5284cbbca692e6c70662696c,1666852727,244,0x77bb66bb6abcc02024000861dc9f914e1fb44b1e5284cbbca692e6c70662696c,0xd4c5f15350336edaf07b69e0576057497bdcccdc,recipient,347.933685,-0.22323804750198348,2006350897436241812646546474874861,0,1559.3563975685972,202800,174458,11503965687
mypool,15837672,0x84acae45390c7854ed0dac284a4db4af7f1f73d91f052d7dc8c276080a572862,1666852727,67,0x84acae45390c7854ed0dac284a4db4af7f1f73d91f052d7dc8c276080a572862,0x1fd34033240c95aabf73e186a94b9576c6dab81b,recipient,-1872.565813,1.2002600341759029,2006351882369930092870960263737506,0,1559.3548665686922,202800,469034,12176852162
mypool,15837672,0xe6a5cdcb3711e8ac97ae5585e109f4868d59319b5dc164209c95d8a37086ddb1,1666852727,32,0xe6a5cdcb3711e8ac97ae5585e109f4868d59319b5dc164209c95d8a37086ddb1,0x10763988715993eaf59905029ce3414ada0b5200,recipient,-2555.504356,1.638007422976,2006353807048166040529941442770550,0,1559.3518748182603,202800,232550,12863528395
mypool,15837674,0x22e59192277ec06621df475af3d622ab64f5488f7db3a7ae35f450dae91e188b,1666852751,43,0x22e59192277ec06621df475af3d622ab64f5488f7db3a7ae35f450dae91e188b,0x04192b74807f697c4e78f4ea1c727f2bfcbfbc04,recipient,-6291.084995,4.032374192271339,2006341643256652418993381878405790,0,1559.3707825538027,202799,1193264,9157459706
mypool,15837674,0x6bf750e366e7bddbe3f99a49df3804aaed3e7efc2f2f87a8b67b1b884c1707b0,1666852751,285,0x6bf750e366e7bddbe3f99a49df3804aaed3e7efc2f2f87a8b67b1b884c1707b0,0xbc1500daaff721f626ef1a4f1a8c4e333648c5a4,recipient,-3.499405,0.002242991229212101,2006341636578392450060033694385067,0,1559.37079293477,202799,532077,11153494019
mypool,15837675,0x2abfc171f1c088daa88ee4c9c036a9103f2ebab15dba325e0c85024b54de3bb2,1666852763,2,0x2abfc171f1c088daa88ee4c9c036a9103f2ebab15dba325e0c85024b54de3bb2,0xeca2e2d894d19778939bd4dfc34d2a3c45e96456,recipient,113379.99654,-72.74949921449999,2006459454421916724857775639359691,0,1559.1876680680589,202801,310140,10292431141
mypool,15837675,0xeda801ede5c28e73d09e2ed3a7c4d68eb8da636c2f832a55125201f9cd09190d,1666852763,59,0xeda801ede5c28e73d09e2ed3a7c4d68eb8da636c2f832a55125201f9cd09190d,0x735dbbf2152012c378a5204a421831be8e3bff55,recipient,-154.957873,0.09933402173221935,2006459295134742051560877482287755,0,1559.1879156271389,202801,365553,12292431141
mypool,15837677,0xdded471867f80c29c4ec90e45d93588037626304f27caae708e771b3c2d6b5d7,1666852787,2,0xdded471867f80c29c4ec90e45d93588037626304f27caae708e771b3c2d6b5d7,0xd68fe83d3834bf35c6e1aa8a9d81c56249a61881,recipient,331612.99116,-212.82570552899998,2006800303621448559003436764201287,0,1558.6580660591455,202804,251320,9276741225
mypool,15837680,0x8bc90e0c86476cf1bf2091389e61af9c37ecfa441fefcd71e289c0c77a01092c,1666852823,300,0x8bc90e0c86476cf1bf2091389e61af9c37ecfa441fefcd71e289c0c77a01092c,0xfd700870c05eea211401eaed0d9efb96f7ff3fea,recipient,31157.077205,-20.0,2006832349420226380140371462238164,0,1558.6082880655174,202804,174842,11520907180
mypool,15837681,0x5f5630aeac34d285ecc95b941b99d5e7cf96a7ce6033b7aa7c8a410593ef702e,1666852835,2,0x5f5630aeac34d285ecc95b941b99d5e7cf96a7ce6033b7aa7c8a410593ef702e,0x479bc00624e58398f4cf59d78884d12fb515790a,recipient,-57828.500361,37.08300179255862,2006772901975828085286974126961546,0,1558.7006319992377,202804,232614,9944378962
mypool,15837682,0xf30d1976cdb60724fc1b24664fd1835811c21090ec13a6292ef13734f3bdf0c5,1666852847,2,0xf30d1976cdb60724fc1b24664fd1835811c21090ec13a6292ef13734f3bdf0c5,0x988749e7c18416447205893e0443ced3598cdd6b,recipient,-284534.072215,182.42782142642554,2006480453488739164813862308369965,0,1559.1550324999987,202801,185159,100724994749
mypool,15837685,0x25e9d9166c937d7e9690bb256737011183f630f01ab4fa259fc4c741f97a62fd,1666852883,2,0x25e9d9166c937d7e9690bb256737011183f630f01ab4fa259fc4c741f97a62fd,0x6046945c5b5ef5933b8e73a98a6ad7bf3e031df7,recipient,-208447.461587,133.60985056103675,2006199462806854441794406835138378,0,1559.5918173011466,202798,317626,9069523495
mypool,15837685,0x3b83d7668203a164727df669f03b59dd3ff2e2734477b46b86f50eadb1dc764f,1666852883,486,0x3b83d7668203a164727df669f03b59dd3ff2e2734477b46b86f50eadb1dc764f,0x975793c7a6a077221aca4e4fb9b7f9a46378463a,recipient,-4120.0,2.640385661437168,2006191605530893468577838017313023,0,1559.604033649035,202798,261416,10069523495
mypool,15837687,0x0b4e8b5a08fee80a5cd86b5704b87ab28004be2317c183f83f338ff42c3f29ed,1666852907,37,0x0b4e8b5a08fee80a5cd86b5704b87ab28004be2317c183f83f338ff42c3f29ed,0xecbde5878a4127b8def2af355dc7e2be5311f904,recipient,37000.0,-23.73585511955142,2006193021732356846479115106752445,0,1559.60183175449,202798,220089,10808132427
mypool,15837687,0x4ee7be90c03275e3dea3efe4d1fd7ae6e8d2718fcf2f06ba859de727c214e23a,1666852907,248,0x4ee7be90c03275e3dea3efe4d1fd7ae6e8d2718fcf2f06ba859de727c214e23a,0xe4f91a435ef991a380f8df573ef49d415b9d627d,recipient,-698.93433,0.44787865075518285,2006088253082650696006791241914848,0,1559.7647374935405,202797,307958,10808132427
mypool,15837687,0x6fd4f1af1a641b3144f40372d6d7533d39c68ce55ea1656298ab5b6222e793b7,1666852907,52,0x6fd4f1af1a641b3144f40372d6d7533d39c68ce55ea1656298ab5b6222e793b7,0x56f03dbc2d16f4a252a7176e1fc3f05b53c6aad5,recipient,-60137.917938,38.53873833877624,2006089585882706160767743054872467,0,1559.7626649501676,202797,296116,8808132427
mypool,15837687,0x73687b1f876d8f2e5e84145fb6c286eb74cd2874e2affde38d0cb65d7984e84f,1666852907,49,0x73687b1f876d8f2e5e84145fb6c286eb74cd2874e2affde38d0cb65d7984e84f,0xe4bef064c912bc95c404850019909efe8d357716,recipient,5894.957166,-3.781695473000502,2006204269698308569228997922561861,0,1559.5843437056503,202798,195645,10308132427
mypool,15837687,0xc030b9909b5c2d22bc6413d95da73b761310b9a5d93a3163f6d8c89b70f65b68,1666852907,338,0xc030b9909b5c2d22bc6413d95da73b761310b9a5d93a3163f6d8c89b70f65b68,0xf64aee929b7bf79aee510a5a162b02866677e524,recipient,3.0,-0.001924329154768571,2006088258806218066060180647751307,0,1559.7647285932155,202797,209296,10308132427
mypool,15837687,0xcde3f7237e737e61f6ddf31646f1f5c48de9b67cfc1495e514b0b2e0de95e859,1666852907,567,0xcde3f7237e737e61f6ddf31646f1f5c48de9b67cfc1495e514b0b2e0de95e859,0xefa5615b742945e1f6aedfe7edfcf61ec5dceec5,recipient,-101.0,0.0647209726298033,2006088066209147932690101216901820,0,1559.765028087676,202797,1044148,9000000000
mypool,15837688,0xc1841ed2e89820f9087bcbc2989db51b1e573b065aa552f9c10d75dbfcf5b040,1666852919,29,0xc1841ed2e89820f9087bcbc2989db51b1e573b065aa552f9c10d75dbfcf5b040,0x020ca66c30bec2c4fe3861a94e4db4a498a35872,recipient,99059.48382,-63.54695232220727,2006276444746574704402732454492537,0,1559.4721347916002,202799,307303,12193428194
mypool,15837688,0xe6bcd4f6b0fa95198541d7c97af1f0a0e067c2c0589b8ed8103a4b276369787b,1666852919,9,0xe6bcd4f6b0fa95198541d7c97af1f0a0e067c2c0589b8ed8103a4b276369787b,0xe2ca3167b89b8cf680d63b06e8aeefc5e4ebe907,recipient,-330.548964,0.21181625388578823,2006087435885031229858924496722383,0,1559.76600826197,202797,442253,473492901124
mypool,15837690,0x16edbe3c494ad4e21d228a8d98a5680f5fcd22d3f03d7697541f175f402003ed,1666852943,450,0x16edbe3c494ad4e21d228a8d98a5680f5fcd22d3f03d7697541f175f402003ed,0x735dbbf2152012c378a5204a421831be8e3bff55,recipient,168.372264,-0.108,2006077094481382468601372810373712,0,1559.7820896095006,202797,313960,10178955194
mypool,15837690,0x52a0b9563163ac48a9fddee3e21d075a9d78792ca6b4d696fe308af5caa2784d,1666852943,265,0x52a0b9563163ac48a9fddee3e21d075a9d78792ca6b4d696fe308af5caa2784d,0x11fc1e54649e91efdeebc6a0bc88c37fa8ebbfec,recipient,-4999.445609,3.203756942567563,2006115847973432938481914806081974,0,1559.7218274675872,202797,324987,10178955194
mypool,15837690,0x9308c65a29bd51429d5da5693fdab2946d8b9db013e90fb54b9f0f869ee46acd,1666852943,2,0x9308c65a29bd51429d5da5693fdab2946d8b9db013e90fb54b9f0f869ee46acd,0x75995f240e6eee8e80ce5898cdb3960da06aaa54,recipient,-79600.111428,51.01360235896057,2006124638153563766799805436123337,0,1559.7081591186525,202797,173547,26464298233
mypool,15837690,0xb2b224c198dfafbb16ccf6fa964238409a4951fd8ea5f117a19c281e8d9ab4f5,1666852943,401,0xb2b224c198dfafbb16ccf6fa964238409a4951fd8ea5f117a19c281e8d9ab4f5,0x33ad49856da25b8e2e2d762c411aeda0d1727918,recipient,-20491.041216,13.13080089893954,2006076773255008885903379919979692,0,1559.7825891349335,202797,345507,10178955194
mypool,15837690,0xece0377b11a44d7c52a4a9e33e0d3b7b1b84d688b4dc6cf61da3e2795cd6f210,1666852943,177,0xece0377b11a44d7c52a4a9e33e0d3b7b1b84d688b4dc6cf61da3e2795cd6f210,0x4bdd0f329875b52d05d9111a0ad4bfa804a319b0,recipient,389.731931,-0.25,2006125381733132245267381571294680,0,1559.7070028929093,202797,398584,10678955194
mypool,15837692,0x254cc25ee884d7c6764a41cd71cdb8f446fc3af0e21e35bbb5ee73f6fbb748a7,1666852967,116,0x254cc25ee884d7c6764a41cd71cdb8f446fc3af0e21e35bbb5ee73f6fbb748a7,0x4b61f24e6cc2a6135df6af8d8e39c9f9de06b479,recipient,88.177212,-0.05656003542207563,2006077262708929397696740807677829,0,1559.7818280061128,202797,361722,10923615017
mypool,15837693,0x24148be1f273602dffe543004701a3fda678e5663e027d7c1ca1e6384274a5ab,1666852979,35,0x24148be1f273602dffe543004701a3fda678e5663e027d7c1ca1e6384274a5ab,0x9fb7dd408fa9073e7aedc3fafb20461853897edc,recipient,381.944009,-0.245,2006107734599645645298010826999481,0,1559.7344435714604,202797,293965,10617613275
mypool,15837693,0x7cefff4ac349286951b8536d3396016fb54608b4f113b961cd007628706e1ee8,1666852979,11,0x7cefff4ac349286951b8536d3396016fb54608b4f113b961cd007628706e1ee8,0xfd700870c05eea211401eaed0d9efb96f7ff3fea,recipient,15589.788228,-10.0,2006107005891668536399786214531565,0,1559.735576702579,202797,195643,11117613275
mypool,15837694,0x415354682f6beb778789151b19ff4852e0eef54b8c3c2d5846a5cb3d544d8116,1666852991,509,0x415354682f6beb778789151b19ff4852e0eef54b8c3c2d5846a5cb3d544d8116,0x34c992770eef2b688b51a899a6416f300ffb8b8b,recipient,101.332037,-0.065,2006107927930333449699580622144030,0,1559.7341429450444,202797,293854,9712295137
mypool,15837696,0xfd5b8bc30a1a8a63edbbc123ecc3864482488b5eeb92463d98b55f7271be7967,1666853015,8,0xfd5b8bc30a1a8a63edbbc123ecc3864482488b5eeb92463d98b55f7271be7967,0x6f5ec3afd157fa6da81ec3c215ab46e6c450f907,recipient,-6232.163716,3.993636198177825,2006096043643066211861273657728401,0,1559.7526230009514,202797,314089,10118402923
mypool,15837697,0xf511af5fa3a22eef112972f779ad4c3d24065a52c4dd5437a1a7c778d027c304,1666853027,2,0xf511af5fa3a22eef112972f779ad4c3d24065a52c4dd5437a1a7c778d027c304,0x988749e7c18416447205893e0443ced3598cdd6b,recipient,366389.875293,-235.086261937026,2006587228265476352001242990040425,0,1558.989105,202802,212611,153806609686
mypool,15837698,0xd856e0871e806ad06cd275db0cd1a5bf3ca3f33f6286b5944f1bf4ec630bdc70,1666853039,2,0xd856e0871e806ad06cd275db0cd1a5bf3ca3f33f6286b5944f1bf4ec630bdc70,0xbbad96336943a36e3e292d973b3382dd0ba4d1ef,recipient,718077.349276,-461.00452877998674,2007325891183723737397855030187233,0,1557.8419513983538,202809,270246,8951230399
mypool,15837700,0xa04bb09c50a0e5f8c3fbd76353c2543d4f7a05614d270953e07088dbc44ff408,1666853063,613,0xa04bb09c50a0e5f8c3fbd76353c2543d4f7a05614d270953e07088dbc44ff408,0x5174dedc36695f1593c527f7c1b6486b6d6a8120,recipient,-2280.115194,1.4629035192908513,2007323546015549122040000818046864,0,1557.8455914727272,202809,280032,8013436933
mypool,15837701,0x728b9d3009f66f8467887930b07f5cc4e502a5a0db605a9eef2903f3feb85973,1666853075,100,0x728b9d3009f66f8467887930b07f5cc4e502a5a0db605a9eef2903f3feb85973,0x4767192455266e422386d14991d697a418c63225,recipient,7646.174414,-4.910611209149419,2007324148894108317679113583885687,0,1557.8446557080028,202809,287118,10145326680
mypool,15837701,0x8d648724bf2091a63924fd4826ad97a4c1f1bae654a57ea228c1b42da0f84924,1666853075,9,0x8d648724bf2091a63924fd4826ad97a4c1f1bae654a57ea228c1b42da0f84924,0xaf42405d3fdfcc7c391178b350d0b86a395c099e,recipient,-7063.843688,4.532083442943185,2007316280671174091917932882813024,0,1557.8568685248763,202809,525490,10145326680
mypool,15837703,0x1486bd732d6080c053b6486a88812e0c7a2ad2cfd4416ba77380d1b647d03c2d,1666853099,243,0x1486bd732d6080c053b6486a88812e0c7a2ad2cfd4416ba77380d1b647d03c2d,0x139b86d5f2a23618b0ebca3dbeaae42badf7d606,recipient,4503.004139,-2.8924816655946226,2007503476841436849841854828086258,0,1557.5663472418819,202811,328569,9957181613
mypool,15837703,0xe0cf3b955f0955bd6a559f46c95fbed7b04d308bdb09be2a6876b1fa77b2cbc8,1666853099,25,0xe0cf3b955f0955bd6a559f46c95fbed7b04d308bdb09be2a6876b1fa77b2cbc8,0x988749e7c18416447205893e0443ced3598cdd6b,recipient,82181.892496,-52.7837904572968,2007492485910344066672720344265679,0,1557.5834024999997,202811,212331,18725850857
mypool,15837704,0xc0cb88cd050187bfbb0ee717021c66e3023381c0f3107e4b2083c8fd93e3c295,1666853111,15,0xc0cb88cd050187bfbb0ee717021c66e3023381c0f3107e4b2083c8fd93e3c295,0xe709837a251a8995e6f7a7aca9d821a48c499ce9,recipient,6071.796254,-3.9002373986385037,2007518297070378601572013846721606,0,1557.5433502862015,202811,1500000,17000000000
mypool,15837704,0xe03544ff1244a635d495b48ace985342653b8752f664c33addaa1365b2c6c84e,1666853111,220,0xe03544ff1244a635d495b48ace985342653b8752f664c33addaa1365b2c6c84e,0x3303b6aed6f306a6d7cf5e8c8956befd8f1bd2e2,recipient,20237.441551,-13.0,2007567694826604934705525437353959,0,1557.4667021110452,202812,195668,10226321410
mypool,15837706,0xd54e731a3f673852111ee0556a5f7c35d5a25e845af778f6e1a9cca4f2a2a79d,1666853135,302,0xd54e731a3f673852111ee0556a5f7c35d5a25e845af778f6e1a9cca4f2a2a79d,0x10763988715993eaf59905029ce3414ada0b5200,recipient,-3424.061429,2.197372920832,2007559341011860515976802812739440,0,1557.4796639349913,202812,235506,10306430239
mypool,15837708,0xc6ba1a230de44e4c65b8effd9a41487042c6f1d77bdc46f5445319d28df44b12,1666853159,64,0xc6ba1a230de44e4c65b8effd9a41487042c6f1d77bdc46f5445319d28df44b12,0x3ebd49c474a15acd06ba6704f63d200219b114e6,recipient,-57324.262461,36.78481537668822,2007419241214988610692572401402177,0,1557.6970676485332,202810,650605,11000000000
mypool,15837709,0x24b92bfa2723f5f771f7b9fcf7a9347b407d1f7a104a23322947e745d3eed302,1666853171,124,0x24b92bfa2723f5f771f7b9fcf7a9347b407d1f7a104a23322947e745d3eed302,0x9d99b3e1dbabfd9e2de0a54554054a0b8aa7f670,recipient,7784.517285,-5.0,2007438274849592933175116748030770,0,1557.6675290105354,202810,195651,9964326389
mypool,15837710,0xb60b522a3dc87738d6dd9060c63c7deafa2ac767c8397310b64ef90d96dbc7b3,1666853183,181,0xb60b522a3dc87738d6dd9060c63c7deafa2ac767c8397310b64ef90d96dbc7b3,0x3aec8e8348a21ac32e47fcf4e275f8c89f4a293c,recipient,1824.860119,-1.1721224398333567,2007442736799639196190447635879009,0,1557.6606045520175,202810,292071,9916263617
mypool,15837711,0xf96666f0f787a5811b05e1a1c6edd95bc328e1c8484aff37197a7638ee5338d4,1666853195,105,0xf96666f0f787a5811b05e1a1c6edd95bc328e1c8484aff37197a7638ee5338d4,0x88f859db067c45b114897db6920f3e4a61a5ca66,recipient,-1175.0,0.7539580937134231,2007439865251292480267654268500027,0,1557.6650608757263,202810,549794,10346846275
mypool,15837712,0xa85037a0c76da563872d853347611bdc925f3c3837a8763332b815e8f32b5b10,1666853207,2,0xa85037a0c76da563872d853347611bdc925f3c3837a8763332b815e8f32b5b10,0x934ed35e39f5d9b1d42041b3f6b74c0ce452f4ac,recipient,209049.818664,-134.30850492053324,2007951141052674535885693709149135,0,1556.871919006351,202816,172802,325376723689
mypool,15837714,0x19e41b09b0e80fd8acc38ec162a463f193d2ab4b72f89ee5412ff2571365fb4e,1666853231,310,0x19e41b09b0e80fd8acc38ec162a463f193d2ab4b72f89ee5412ff2571365fb4e,0x8e72e9c07da1e9ff31e7c1b96ab3bfad7fb8a664,recipient,202.292101,-0.13,2007951640819845506923081097313448,0,1556.8711440142029,202816,174379,10744822992
mypool,15837714,0x75c59597bbfdad57b58432e441beaa047bcccc023b466b1e4687476303a4828b,1666853231,382,0x75c59597bbfdad57b58432e441beaa047bcccc023b466b1e4687476303a4828b,0xe9c211ab4f051e86ac9b8e9ea0fbcdff56a36613,recipient,4.0,-0.00257054094386034,2007951650605192919100666487514877,0,1556.8711288400075,202816,300800,10000000000
mypool,15837714,0x8b9b4dc0fa702fdbbf632e25ad49b71b159bc5e89b1f0235084e4027aad3d0f5,1666853231,304,0x8b9b4dc0fa702fdbbf632e25ad49b71b159bc5e89b1f0235084e4027aad3d0f5,0x57748ecb251f2ec36027bf8b7b2c13b69b8e5222,recipient,2.0,-0.00128526982900621,2007951145945345794538534944301105,0,1556.8719114192518,202816,209251,10744822992
mypool,15837716,0xef5bb8ecf69dce534f3c1eee4f16cfcd05dbf8ad0d3a10cde642889bdfecb279,1666853255,15,0xef5bb8ecf69dce534f3c1eee4f16cfcd05dbf8ad0d3a10cde642889bdfecb279,0x065e3dbafcb2c26a978720f9eb4bce6ad9d644a1,recipient,173803.345186,-111.71580998812973,2008376922186560915373390251675634,0,1556.2118671835913,202820,249718,11071926012
mypool,15837719,0x315f311ffb5ef20c403c75ab00b93aa6113823889434a91d5d790a259023830a,1666853291,2,0x315f311ffb5ef20c403c75ab00b93aa6113823889434a91d5d790a259023830a,0xb00fe43aa83a6315661884b9189fd556c1954b81,recipient,156273.562265,-100.48857839709521,2008759454763184540207352752273458,0,1555.6192177734383,202824,173180,171258136379
mypool,15837721,0x25f36a9e735c16b5ca490c086078fafd955064ee650b8901a5ed8052faabc295,1666853315,154,0x25f36a9e735c16b5ca490c086078fafd955064ee650b8901a5ed8052faabc295,0xaae3092149e89a6858111f594fe71d87c200b370,recipient,15.548413,-0.01,2008759492830453748852317840966715,0,1555.6191588134932,202824,195544,10550893805
mypool,15837721,0x4d6bad038f14b3dd100c6851b67bd9d5bf39b346c8fa7e022c8fca6e88808701,1666853315,284,0x4d6bad038f14b3dd100c6851b67bd9d5bf39b346c8fa7e022c8fca6e88808701,0x79a71b809a5211e5d54380a484241b9e37375f71,recipient,10.0,-0.006431524429683755,2008759517313510937527143771550871,0,1555.6191208932617,202824,209268,10050893805
mypool,15837722,0x1dac3f79f6d6390c54604a24679b5c2d0a4a143abf994470e03e790ceb437c79,1666853327,2,0x1dac3f79f6d6390c54604a24679b5c2d0a4a143abf994470e03e790ceb437c79,0x988749e7c18416447205893e0443ced3598cdd6b,recipient,-244603.535246,157.1132689421927,2008161130809751789271183725055879,0,1556.5463374999988,202818,185196,175460228030
mypool,15837722,0x231b22d9bb9ead2af0c0deed5ff1b0f45e45afbaf3f2b8d36cd6c63c65f84ba9,1666853327,243,0x231b22d9bb9ead2af0c0deed5ff1b0f45e45afbaf3f2b8d36cd6c63c65f84ba9,0x8ac9d497ff2ac76d9ae8f9dec0660eaa254251d6,recipient,-1312.913834,0.8430557107047133,2008157919921437904145487128092575,0,1556.5513150970207,202818,240984,10598505656
mypool,15837723,0x87b93bea7a1aec04e8dfa9def1622660958a877a2582bcbc7d9f25836c3b30e8,1666853339,10,0x87b93bea7a1aec04e8dfa9def1622660958a877a2582bcbc7d9f25836c3b30e8,0x477d057ee378168d33d62eca943c0247e8b04139,recipient,-15000.0,9.631694106377418,2008121236350404108418938161102543,0,1556.6081845541435,202817,554529,18000000000
mypool,15837723,0xb7cff5afcfa7676a27ee4d127fce43fba91f0cee41b837499a7fc4916c517431,1666853339,95,0xb7cff5afcfa7676a27ee4d127fce43fba91f0cee41b837499a7fc4916c517431,0x1b02039f86323a42d68fe7c00919dd1666481612,recipient,-236.633403,0.1519425505973933,2008120657657259752327875475015300,0,1556.60908171001,202817,519337,11218506226
mypool,15837724,0x028158fee3131a5526eee3bb511d91989829b9eb248334d2b0b2f8b8037576b6,1666853351,177,0x028158fee3131a5526eee3bb511d91989829b9eb248334d2b0b2f8b8037576b6,0x4f5275cb71148b1e30f85290373cbc4fc24c43d8,recipient,-673.267174,0.43230506371845956,2008119011166690384542534369353593,0,1556.6116342910175,202817,241008,10411933356
mypool,15837726,0xd81c9cb8d9ca307e77cf304fdbba4bf874da248119ce35c489efc467897a3856,1666853375,191,0xd81c9cb8d9ca307e77cf304fdbba4bf874da248119ce35c489efc467897a3856,0x04808250df92acecb57a18002bc50953c300e168,recipient,10.0,-0.006427423772732578,2008119035634137492008081059600063,0,1556.6115963586913,202817,209251,9280272160
mypool,15837727,0x22b1279c03a2e35693244a7f3cce616d21fb4c632da2f9b261b9cfa84bab9521,1666853387,356,0x22b1279c03a2e35693244a7f3cce616d21fb4c632da2f9b261b9cfa84bab9521,0x89ec50d47cbd277eefe40d37c90880dc4ce816a6,recipient,-20.0,0.012841977152509962,2008117532251001910637848278201267,0,1556.6139270833241,202817,261446,9736177858
mypool,15837727,0x25ea04c6d1c94f71437a27420e07166fce46c18e9a8b17b47526d77bdc6feb60,1666853387,120,0x25ea04c6d1c94f71437a27420e07166fce46c18e9a8b17b47526d77bdc6feb60,0x8213b86b98923093ad466b2d3b2ac045d27264c8,recipient,-594.75,0.3818885814745681,2008117581161357231884940819218490,0,1556.6138512565497,202817,454976,10736177858
mypool,15837728,0x4b323c01ae7c9d850d716709759bcec0dbe6a5cef287e721f23b4aa2c951d46e,1666853399,84,0x4b323c01ae7c9d850d716709759bcec0dbe6a5cef287e721f23b4aa2c951d46e,0xde5ce22a56ed76bf7054121500b23a718399feb7,recipient,-1040.519635,0.6681156059699376,2008114987645035431940902572855134,0,1556.6178720482492,202817,1290555,10846371498
mypool,15837729,0x2d8b69f8ab7244bead66a8ae8c5a81549947688fdbf6e50448842d9141e3fcb2,1666853411,2,0x2d8b69f8ab7244bead66a8ae8c5a81549947688fdbf6e50448842d9141e3fcb2,0xac221503406190103b8cb7d9393ae66d9c9af6a3,recipient,234871.296032,-151.0043417121501,2008689819937798495392604381149806,0,1555.727076288144,202823,279690,10462478913
mypool,15837729,0x4664df257d535929a91b1b1ea681a9a78a81803937b50694e8ee76379ed83922,1666853411,159,0x4664df257d535929a91b1b1ea681a9a78a81803937b50694e8ee76379ed83922,0x39fc4cdaa0e79efe7687822f1c0bacc87e1deede,recipient,-50000.0,32.121287250208255,2008567481799821317531275148575805,0,1555.916594989012,202822,207838,9962478913
mypool,15837730,0xbc42bb3a6ce9cee3a081c8e2adcfa293c883486545703dc1960557e7dea41da5,1666853423,241,0xbc42bb3a6ce9cee3a081c8e2adcfa293c883486545703dc1960557e7dea41da5,0xaae3092149e89a6858111f594fe71d87c200b370,recipient,7.775693,-0.005,2008567500833455921853757692922433,0,1555.9165655005856,202822,174393,11019713328
mypool,15837731,0x827029858a43a0351bd0d011e116b89d16f5c51904cb572bb53ed77c53181c3b,1666853435,8,0x827029858a43a0351bd0d011e116b89d16f5c51904cb572bb53ed77c53181c3b,0x368dec1eb6e533119f8740c15613144bf5a668ca,recipient,-150267.081116,96.5118985182888,2008199922602066915059502359770076,0,1556.4862034083767,202818,282926,17857998555
mypool,15837731,0xb11f119d5fe6d5d734f12671c66c4725974d774e8a26ba042b5b0bb18e3243c3,1666853435,25,0xb11f119d5fe6d5d734f12671c66c4725974d774e8a26ba042b5b0bb18e3243c3,0x9651303fd0fab477659685d3e2a546056241d2d1,recipient,-1000.0,0.6421507499107512,2008197476886662274157952023033857,0,1556.4899945939023,202818,240976,13000000000
mypool,15837732,0x297341c2dc2c5e9d252d1f2734263ba9a84ef75204ab6d414f6b106d3feed976,1666853447,43,0x297341c2dc2c5e9d252d1f2734263ba9a84ef75204ab6d414f6b106d3feed976,0x934ed35e39f5d9b1d42041b3f6b74c0ce452f4ac,recipient,-101573.018742,65.21706105720354,2007949638109268422895477193171406,0,1556.874249633789,202815,173199,57173241857
mypool,15837733,0xb62ba9f9df13445183e3a27358332eb71d89101dad701ab6a342e99986ab3746,1666853459,115,0xb62ba9f9df13445183e3a27358332eb71d89101dad701ab6a342e99986ab3746,0x7d4ab933436026f8591d4932b76007c4308bb679,recipient,-2000.0,1.2839798351217246,2007944758711341309802558909240176,0,1556.881816194755,202815,197055,10791896520
mypool,15837735,0x23e2665ff363f4ddc5006634413d4210ab8309f26da3122dac7ca253ef82f281,1666853483,106,0x23e2665ff363f4ddc5006634413d4210ab8309f26da3122dac7ca253ef82f281,0x90e9ae408a0a7a76929c1cd8d03c4928625528aa,recipient,4.0,-0.002569151405663582,2007408865487126708498702721957584,0,1557.7131702800523,202810,300820,11000000000
mypool,15837735,0xb593427c49477fde981e3ca605ef71bb001963284456b2869b2cc2d575670278,1666853483,2,0xb593427c49477fde981e3ca605ef71bb001963284456b2869b2cc2d575670278,0x599da210eaa67270b127ef28a3f6e78c3725858a,recipient,-219718.645337,141.01916539549578,2007408855728683667198833465694209,0,1557.7131854248048,202810,173595,163876199981
mypool,15837735,0xcaf622b78fa61b46b372f199ac1d4dd5109d969f63375311d2bd3685d2438186,1666853483,150,0xcaf622b78fa61b46b372f199ac1d4dd5109d969f63375311d2bd3685d2438186,0xb5b071a8a28fc6afed64444817f439b26769e835,recipient,7.784671,-0.005,2007408884478695324867151319971003,0,1557.7131408058215,202810,195567,10123902622
mypool,15837735,0xf7af0d57cb229a019c18014335d25a479f6df53bccb7cd09c01f8d8d363f19e2,1666853483,520,0xf7af0d57cb229a019c18014335d25a479f6df53bccb7cd09c01f8d8d363f19e2,0x7ca933afb15bdf31cc442df3620797412eede999,recipient,-150002.635552,96.23804514053562,2007219224727294498675859144984269,0,1558.00752762822,202808,755481,8611483092
mypool,15837737,0x3b892fafdbcc35f150dee92b485c61a003251991abc45daedf55630b62305369,1666853507,164,0x3b892fafdbcc35f150dee92b485c61a003251991abc45daedf55630b62305369,0xdaea12a973b47ebee7c8ff05937847f5464c5569,recipient,42335.047762,-27.18713143987563,2007277243912889887963931119041656,0,1557.9174623203205,202809,549798,8750870447
mypool,15837737,0xd1969fc124f0c97aca6300c0606b1de826772ff4a01f626d594fb817cb10a9ab,1666853507,114,0xd1969fc124f0c97aca6300c0606b1de826772ff4a01f626d594fb817cb10a9ab,0xc4b2286be2635a4ce1c986edab361f7391837cb7,recipient,14060.301885,-9.02912,2007233689564714592541522393954588,0,1557.9850726001869,202808,174454,9810870447
mypool,15837738,0xa1664552f6bae8158ac4724e0838c5e9fd8f7fc3cf8e1e344d7c118321b90a05,1666853519,16,0xa1664552f6bae8158ac4724e0838c5e9fd8f7fc3cf8e1e344d7c118321b90a05,0x187ba598f3d6c8e9c9db9fadd6e6005d8054c821,recipient,522.109991,-0.335301021403204,2007277781072077205084512323046836,0,1557.9166285049173,202809,389868,13490876949
mypool,15837739,0x56ba8df58c1b1e844beead3000dc00876511109e5b9d8fc63a6af3b85915360a,1666853531,45,0x56ba8df58c1b1e844beead3000dc00876511109e5b9d8fc63a6af3b85915360a,0x0147202ed708d117aec755bfe90d49b5077536a5,recipient,-991.25,0.6359479408329654,2007276761760636616240625023576094,0,1557.9182107507504,202809,473726,9992388294
mypool,15837739,0x73cde96d119919b79357f5cf2b1e4f6e5c329e12349538427e9f115f82e73f68,1666853531,137,0x73cde96d119919b79357f5cf2b1e4f6e5c329e12349538427e9f115f82e73f68,0x39fc4cdaa0e79efe7687822f1c0bacc87e1deede,recipient,-2000.0,1.2831212435097983,2007274705145496925667705064458431,0,1557.9214031785846,202809,285591,9492388294
mypool,15837739,0x7cb6d57b45b812a257d6b0c4dbda80e70e9eff49428f5a076e8d6807313ffb09,1666853531,147,0x7cb6d57b45b812a257d6b0c4dbda80e70e9eff49428f5a076e8d6807313ffb09,0xd52f1840d89eeabbda941b0e3d4add2e8c95dd73,recipient,-282.285855,0.18110327685516744,2007274414869154832617113888872332,0,1557.9218537674585,202809,261462,9042388294
mypool,15837740,0x5560b97686d91151b8e9b63010122227791b5cfc9dd3429a21e4411aa51f1d1d,1666853543,187,0x5560b97686d91151b8e9b63010122227791b5cfc9dd3429a21e4411aa51f1d1d,0x0f5f005909507ca86d76167613da2a783f10f93c,recipient,-41.587673,0.026680977620219298,2007274372104293138493554762976192,0,1557.9219201503251,202809,240691,10412084403
mypool,15837742,0xc807a107fea54f38a5f07cd3c8d7915822664c4b94f992d11471997f69f7bdf4,1666853567,208,0xc807a107fea54f38a5f07cd3c8d7915822664c4b94f992d11471997f69f7bdf4,0xd96542eb5f2193a4e72c9995c187c657966c9d0c,recipient,87.200001,-0.056,2007274461817454058412270777598030,0,1557.9217808907472,202809,313972,9275026956
mypool,15837744,0x484ec278a8fb41fdb40bd3ace01476dd9ebd277cef188f0617cb20afb556df91,1666853591,162,0x484ec278a8fb41fdb40bd3ace01476dd9ebd277cef188f0617cb20afb556df91,0x21cbff56fccf44e5af5e1fcba465b440800f87ef,recipient,15.571428,-0.01,2007274477837627162036767463869119,0,1557.9217560230209,202809,195576,11276052850
mypool,15837747,0x809411fe5566dd9d754b5b4460fcafe2706f73de71081864f4c3ce97b99ff00d,1666853627,93,0x809411fe5566dd9d754b5b4460fcafe2706f73de71081864f4c3ce97b99ff00d,0xdc3c9e0b2049eb2e7b40d19cec47d641162cc23e,recipient,1448.817169,-0.9304337724341841,2007275968408636747436000067677170,0,1557.9194422483538,202809,289089,10486134285
mypool,15837749,0x5ec5bb1c350f9ee615f7af35256662e152a2a1f26f25b04276600be792e35d5b,1666853651,18,0x5ec5bb1c350f9ee615f7af35256662e152a2a1f26f25b04276600be792e35d5b,0xfae59ceee2a6f7951f5d2778a4abb0ef03bd4c05,recipient,-747.128467,0.47932813207923386,2007275200132533761311639943296196,0,1557.920634822752,202809,578889,13474887419
mypool,15837749,0xda68e0ace34ea77720c3622e1a9a59fdd46a03481ce22a64d340874d840ff14d,1666853651,158,0xda68e0ace34ea77720c3622e1a9a59fdd46a03481ce22a64d340874d840ff14d,0x369cdb22800e531452fdc207ffc546641f6ffbb3,recipient,5356.552653,-3.44,2007280711072081408138500020550986,0,1557.912080369351,202809,174441,10491512275
mypool,15837751,0xc19e4f713bc469a6b7c17d87384fe57a9a834a4873e188d5252e3eb59aa041d6,1666853675,132,0xc19e4f713bc469a6b7c17d87384fe57a9a834a4873e188d5252e3eb59aa041d6,0xc1e8b4457bf01b08a8fcb2e308c9b965f40c74de,recipient,26470.903962,-17.0,2007307945366357569782866681403149,0,1557.8698064887296,202809,195619,10335788730
mypool,15837753,0x651faf236fb64054ef0b0f843f379de13832abe566f0b1354effa13e1481d0a0,1666853699,19,0x651faf236fb64054ef0b0f843f379de13832abe566f0b1354effa13e1481d0a0,0x654fae4aa229d104cabead47e56703f58b174be4,recipient,-4399999.999999,2811.9292044650697,1997922439543247154511161545022091,0,1572.5407855265905,202715,995454,7734748651
mypool,15837753,0x7ca298a51def5e1759135142a6c82db1ec1ae88913d67b473fc4cd4988b26780,1666853699,64,0x7ca298a51def5e1759135142a6c82db1ec1ae88913d67b473fc4cd4988b26780,0x654fae4aa229d104cabead47e56703f58b174be4,recipient,4400271.702949,-2811.9292044650697,2006818907051360397361121445689937,0,1558.6291683329118,202804,919463,7734748651
mypool,15837753,0xbb6ba7b1c700b48b93ed75ab65d9276b1ba53eb23da11f61caa6281ea897aeba,1666853699,48,0xbb6ba7b1c700b48b93ed75ab65d9276b1ba53eb23da11f61caa6281ea897aeba,0x202525c98322bf3e7d299bbb2663441f2e339414,recipient,-478150.4968,303.7054675139949,1996574845242517510726095586545032,0,1574.6642843452476,202702,1572536,50000000000
mypool,15837753,0xc6cf395779803c55e8f9a36300bb61c5eb1b08c3c0c7bf0221bb1a78b8529b38,1666853699,364,0xc6cf395779803c55e8f9a36300bb61c5eb1b08c3c0c7bf0221bb1a78b8529b38,0x555ec28effb3a666507496ce454aeab596275f94,recipient,-4187.173123,2.685097036496073,2006814603327566030554309837326144,0,1558.6358534712597,202804,311097,9234748651
mypool,15837754,0x91e1397e4b3110c1b576327d79884e5bc5284c1ea2633f69afeb314b4f07bd63,1666853711,132,0x91e1397e4b3110c1b576327d79884e5bc5284c1ea2633f69afeb314b4f07bd63,0x5a6d108c406a6b009dc9ea6bb2908516a549f920,recipient,411.057788,-0.2638611873392056,2006815026037755680750898238068189,0,1558.635196857492,202804,174441,10197576286
mypool,15837755,0x3e76c1c4c3ac2f1766c1f130351c88245c43f375ef5d31b3fe606fb411731043,1666853723,21,0x3e76c1c4c3ac2f1766c1f130351c88245c43f375ef5d31b3fe606fb411731043,0xd78ceba1f9291dade3539bd558eb5d9b969ec66f,recipient,164820.650546,-105.80850616168635,2006983505263338891529207556256741,0,1558.3735239257826,202806,144091,45750936054
mypool,15837755,0xb398c9a8fe23140327006373e38e97b84740324f9907ce0d9ffd2459909ad9a5,1666853723,17,0xb398c9a8fe23140327006373e38e97b84740324f9907ce0d9ffd2459909ad9a5,0xf29c6918459339ce1d152f84fb271652956c5c5f,recipient,-1000.0,0.6412658267310163,2006813998204884278074086704717396,0,1558.6367934348543,202804,220436,10596621738
mypool,15837757,0x8c7e4e25bfac34ac3285bd2545a260ef75d8111816f090b6d2a6c029e4e094f3,1666853747,183,0x8c7e4e25bfac34ac3285bd2545a260ef75d8111816f090b6d2a6c029e4e094f3,0x2311e9a07e064cdd9dbd9acf4e3862e6e36bcf38,recipient,75.0,-0.0481527085945009,2007015471020189150226328610084416,0,1558.3238838575635,202806,209335,11100435598
mypool,15837757,0xb85548fb7d2a8b948b919c7bb4a63da52c7c952c58ac30732ff9d50d86810f16,1666853747,102,0xb85548fb7d2a8b948b919c7bb4a63da52c7c952c58ac30732ff9d50d86810f16,0xe4bef064c912bc95c404850019909efe8d357716,recipient,-94.0,0.06029105905045916,2007015393878716440997180650210256,0,1558.3240036487741,202806,240934,11100435598
mypool,15837757,0xbe0411327f8a9ce7b6e33ffbdc3106b5b469d31ae05c7284f811c89acdcc83a1,1666853747,39,0xbe0411327f8a9ce7b6e33ffbdc3106b5b469d31ae05c7284f811c89acdcc83a1,0x51e8a13f8593b393594cd796fab977ee5a3ff790,recipient,31097.823702,-19.965608866230603,2007015490514354518956366355258397,0,1558.3238535855266,202806,860270,10234290209
mypool,15837759,0x03e30370e95065364e17c3c700b1151b14de3269fefad58c797181ba4ba62d1f,1666853771,442,0x03e30370e95065364e17c3c700b1151b14de3269fefad58c797181ba4ba62d1f,0x4b2c4005b99c8f8a455db1b39e1b8bf01cee8557,recipient,-100.0,0.06413942307866913,2007015368216321167546230536430322,0,1558.3240434993177,202806,240937,9701915367
mypool,15837760,0x9a20b770ef76568a0d948abdf25fc7fa020fa9e763f267c546015fb59ebecd5a,1666853783,24,0x9a20b770ef76568a0d948abdf25fc7fa020fa9e763f267c546015fb59ebecd5a,0xcb018790c03bdfd33a82354dee4e320f1398d66f,recipient,-1200.0,0.7696725644272181,2007014134570726846924692444071454,0,1558.3259592010043,202806,2484315,13726947514
mypool,15837761,0x6e718a1f8625cab646df800b160160c338e6a43e2b451463740b724db66e90b6,1666853795,148,0x6e718a1f8625cab646df800b160160c338e6a43e2b451463740b724db66e90b6,0xaead010e6b8355537f4453e980204b067d208548,recipient,-45.0,0.028862702759780562,2007014088309046561767603525223991,0,1558.3260310398407,202806,240951,10074946270
mypool,15837762,0x8e289ca75534b4a8a34cc0a4880e8964ecbe0669f027b8bdc58719fb4c0cb780,1666853807,87,0x8e289ca75534b4a8a34cc0a4880e8964ecbe0669f027b8bdc58719fb4c0cb780,0x24e1d5db4986abc60f4ccf41a617d4752ee7fbbf,recipient,-328.383863,0.210623200314912,2007013750718238289204545569918227,0,1558.3265552779915,202806,240970,10367889687
mypool,15837763,0x56652ede21806c3efdddf28e4e74f209aa2002ac1b4087970a34790031055f6f,1666853819,17,0x56652ede21806c3efdddf28e4e74f209aa2002ac1b4087970a34790031055f6f,0x12a80d69c4bb9d117b464d5582e074309696ae61,recipient,277.905353,-0.178425,2007014036558176890624627694710141,0,1558.3261114027348,202806,408311,10004270572
mypool,15837763,0xced62422bd6ce2638e55a8b2dcfe8303f23353783a894587b5b24c575796dacc,1666853819,277,0xced62422bd6ce2638e55a8b2dcfe8303f23353783a894587b5b24c575796dacc,0xf96da4775776ea43c42795b116c7a6eccd6e71b5,recipient,19703.578444,-12.650519091951004,2007034302908747266790669949978532,0,1558.2946406662547,202806,1246165,9004270572
mypool,15837763,0xd6a2e627edc4267d473fc13188382c25c669cc2cf2add1e4638a02b8026c6f99,1666853819,295,0xd6a2e627edc4267d473fc13188382c25c669cc2cf2add1e4638a02b8026c6f99,0x65b5523bbcbdfd478c1fd67b394233c282f88951,recipient,-101.0,0.06478203296279035,2007034199074892132362505491207356,0,1558.2948019029136,202806,1173537,9004270572
mypool,15837767,0x7e9396e3172e5250ea112543164514fc2ef5d4c964ea5d2cd94d8503e293389a,1666853867,617,0x7e9396e3172e5250ea112543164514fc2ef5d4c964ea5d2cd94d8503e293389a,0x477d057ee378168d33d62eca943c0247e8b04139,recipient,-7000.0,4.489769836096199,2007014105884038865309466588277161,0,1558.3260037479865,202806,242074,8000000000
mypool,15837767,0xd5a70885c4fb42b6b8b8b311a6f2a410526cd13ba39aa9beb8d5e9ef6dfe34a8,1666853867,333,0xd5a70885c4fb42b6b8b8b311a6f2a410526cd13ba39aa9beb8d5e9ef6dfe34a8,0xfaacd064f02f7c3b6c807f5594c5806a58181c1e,recipient,-12545.0,8.04638949747348,2007021302171179404869375715135032,0,1558.3148288379195,202806,261543,8721690735
mypool,15837768,0x62749c27ca0e5013b3341b21958344e8c90909a7628f204bd78657ad7b1473b7,1666853879,6,0x62749c27ca0e5013b3341b21958344e8c90909a7628f204bd78657ad7b1473b7,0x5b929c504e88ef422aa4aea93791c5c17c9f15fc,recipient,33179.189441,-21.302571934906474,2007048232973033826784571815772867,0,1558.2730098266616,202807,172955,14378120793
mypool,15837768,0xed56e0ebaca75e641ce5e49fa8ad613645db75cadeaa19ed5cda9ebb3c20d74d,1666853879,112,0xed56e0ebaca75e641ce5e49fa8ad613645db75cadeaa19ed5cda9ebb3c20d74d,0xd05b27520323c54a4babb068692ee612489aa8a0,recipient,15574.814415,-10.0,2007064253146137451281258086862374,0,1558.2481339875428,202807,322715,9623339344
mypool,15837769,0xd8190d21097681835acb02a0b9b83a9da56d9c34de9d21a7e11de4d093391a35,1666853891,36,0xd8190d21097681835acb02a0b9b83a9da56d9c34de9d21a7e11de4d093391a35,0x8a14ce0fecbefdcc612f340be3324655718ce1c1,recipient,54013.861279,-34.6814968185,2007119813504389968505562355907599,0,1558.1618654691474,202807,278268,9012824494
mypool,15837770,0x901759472f8fa57ae577d74705a005ad0c5279c3dae7a3af097900fdb3afb69b,1666853903,368,0x901759472f8fa57ae577d74705a005ad0c5279c3dae7a3af097900fdb3afb69b,0x177b8ebe208cb71da818b6b8814c946c027240cd,recipient,301380.040809,-193.5497754992388,2007542620751967653197979562992903,0,1557.5056076663336,202811,337576,8174009374
mypool,15837771,0x2652a3377cd4a6162261e7d0a163716b5efb4df8bb1756c2cd7f0503995aa654,1666853915,217,0x2652a3377cd4a6162261e7d0a163716b5efb4df8bb1756c2cd7f0503995aa654,0xafbb85623a26d7a99c94db157a4ec970639aa30c,recipient,13688.231066,-8.8,2008363265237262091315890743455820,0,1556.2330318595218,202820,174475,9570506227
mypool,15837771,0x547f5fdf38bbccb4b85bb7ec44ce0805f162f888b49352852449ae4bb877a726,1666853915,2,0x547f5fdf38bbccb4b85bb7ec44ce0805f162f888b49352852449ae4bb877a726,0x63450c5b04f45607557409d46a6eb2168b233375,recipient,322514.582624,-207.25604466166604,2008329840245696130430252614653631,0,1556.284833618164,202819,173179,619604111575
mypool,15837772,0x171a8b61cc10debbe09cc8ed46708203f40fc91610bbc0475a1645ede47d8be4,1666853927,208,0x171a8b61cc10debbe09cc8ed46708203f40fc91610bbc0475a1645ede47d8be4,0x79ba3a33e960d24cd15b78e109057c5a864bfa51,recipient,-399.735635,0.256732484616387,2008362289603862094622398483868924,0,1556.234543850959,202820,311497,9603258627
mypool,15837773,0x43ce4128b1b75318f1c78118caecd16cd11991d02c9bc6d01fd52ba75781bfae,1666853939,2,0x43ce4128b1b75318f1c78118caecd16cd11991d02c9bc6d01fd52ba75781bfae,0x728140d4902ed52ba6708b8788c31f50ab3a145d,recipient,520987.026031,-335.1538802657965,2009635302742632925456247007684169,0,1554.2635598144552,202832,173175,936875729122
mypool,15837773,0x4c49d5c12409e83abcb5f97aac17652f8c1805d6117ed599041363f2a828cd5d,1666853939,74,0x4c49d5c12409e83abcb5f97aac17652f8c1805d6117ed599041363f2a828cd5d,0x395965137e2bd20228188d8a3dfb2305da8df580,recipient,-2505.892579,1.6114589983124337,2009629178884860006625397672811430,0,1554.2730323117535,202832,237318,11196322511
mypool,15837774,0x722f96a1fe86144c6663cbc0b06f33fa6135f9b492bb19eb52e6054402e531ec,1666853951,208,0x722f96a1fe86144c6663cbc0b06f33fa6135f9b492bb19eb52e6054402e531ec,0x674582d65792235f865132f0b372500021f400db,recipient,4.0,-0.002574837841729687,2009629188664852409299453760179199,0,1554.27301718381,202832,300780,9000000000
mypool,15837776,0x2f3e3d4a5732befe4601e71f307ce75da4415b3df2b01e344b3c8dab0de161a4,1666853975,18,0x2f3e3d4a5732befe4601e71f307ce75da4415b3df2b01e344b3c8dab0de161a4,0x05429d641a61eb2c6093905784d2e8c9b5a193c8,recipient,-2464.905536,1.5850919822135685,2009623165006871514221529562590911,0,1554.2823347745496,202832,243927,11493657718
mypool,15837776,0xa51f295a95d05a9068834b55636d443134417a0f6938f618b9ae2603e551f7d2,1666853975,25,0xa51f295a95d05a9068834b55636d443134417a0f6938f618b9ae2603e551f7d2,0x74067744295a1b9d440e900e1af660c90150d510,recipient,-3423.797823,2.2017053142446565,2009614798098239998588364147789231,0,1554.2952771208802,202832,246286,8795845162
mypool,15837777,0x374913091a246eb28ee2e8f58d2437244e7daf5ae7ab86aa728498ea4c61c3ab,1666853987,84,0x374913091a246eb28ee2e8f58d2437244e7daf5ae7ab86aa728498ea4c61c3ab,0x9eb0b9744545746428ae65f30b8f562fe10e1f11,recipient,-700.0,0.4501409972513361,2009616852534275254252217315519258,0,1554.2920992030693,202832,294869,10608463327
mypool,15837777,0x7f20e331d3c32497ba6b75e572993dcb8ac7fe5bfb849b4b135328cb9de55f28,1666853987,65,0x7f20e331d3c32497ba6b75e572993dcb8ac7fe5bfb849b4b135328cb9de55f28,0x9e3c9a0e70df638c4db8c047ebd92f277dd243a7,recipient,1539.92196,-0.99125,2009618563157659289352896965422773,0,1554.2894531215416,202832,288317,10608463327
mypool,15837777,0xf07b84b35c73d6acbaafa4db526d622d72e8985c52e15d12e5fb4596ffd2b1b2,1666853987,144,0xf07b84b35c73d6acbaafa4db526d622d72e8985c52e15d12e5fb4596ffd2b1b2,0x5fedb26158aa6e2955dbb59ba0b8dccac8408efd,recipient,-350.598727,0.22545522635228984,2009615995760543010051649983200535,0,1554.2934245079332,202832,330002,10108463327
mypool,15837777,0xfbfb275e6918d91c48537cdc30ed96f27a209fc3822a8afb44b33d4145f22daa,1666853987,168,0xfbfb275e6918d91c48537cdc30ed96f27a209fc3822a8afb44b33d4145f22daa,0xcad7311601ad5d7cfacceb3a5a010957a4332f4b,recipient,124.281283,-0.08,2009616299624102700605155784371463,0,1554.2929544748254,202832,174403,10108463327
mypool,15837778,0xe800b8ac1712cddba7228c049bacc95bfb60048541da79366d9efcdb2beee13e,1666853999,113,0xe800b8ac1712cddba7228c049bacc95bfb60048541da79366d9efcdb2beee13e,0xb7d865c7c63d758db991b191e9c80c3867b34b8e,recipient,-46153.846154,29.67791894566426,2009503517756981174084991989017709,0,1554.4674264069124,202831,493870,9874212406
mypool,15837781,0xbb3598b5b70bafbde9571505ff2e2d0e0f060e7222aa98f5a64ca151706aee38,1666854035,382,0xbb3598b5b70bafbde9571505ff2e2d0e0f060e7222aa98f5a64ca151706aee38,0x065e3dbafcb2c26a978720f9eb4bce6ad9d644a1,recipient,27280.723425,-17.559246366,2009570212945809376280481377187819,0,1554.3642463563406,202832,277602,8684269872
mypool,15837782,0x59d8cc82e04a5e7d1922e5d3180a66f04526f6051a67fee77378a8ac3e2e7cbb,1666854047,430,0x59d8cc82e04a5e7d1922e5d3180a66f04526f6051a67fee77378a8ac3e2e7cbb,0x9a84a1e6aa600a4aef8569a5320465a9b13e5601,recipient,-160.0,0.10288585823455174,2009583208641147092355777692137183,0,1554.3441427062035,202832,1019176,9397216167
mypool,15837782,0xa1403b10105f95bb532812b6133dd4e1bda226d55fcfaccb3bb39ffa3c90f698,1666854047,197,0xa1403b10105f95bb532812b6133dd4e1bda226d55fcfaccb3bb39ffa3c90f698,0x2eecfb5ba541b53bc5f3988e702960d975774985,recipient,4902.419768,-3.1555676030604354,2009582198720868252924188402770785,0,1554.3457049852339,202832,267880,9897216167
mypool,15837782,0xe9fbb5d4c515c22f53b689f55b2d8b486ff6913be4f24292ab908682da974f11,1666854047,253,0xe9fbb5d4c515c22f53b689f55b2d8b486ff6913be4f24292ab908682da974f11,0x8fda30c36282039bd4dcb949ba7800350242a422,recipient,572.994757,-0.36882515625612644,2009583599627429295564116894081026,0,1554.343537877244,202832,389576,9897216167
mypool,15837785,0x829ab070af0091225a62b51741eaf069ae63f8091dcfecbbd8e00543a39dee7c,1666854083,13,0x829ab070af0091225a62b51741eaf069ae63f8091dcfecbbd8e00543a39dee7c,0x63ac84c60f322704198bb52de533fde249cd750f,recipient,73794.221756,-47.5,2009588909668763967317589011374382,0,1554.3353236424919,202832,715515,11980946078
mypool,15837786,0x64dab8542cf0a45ec4c78ff1c400c56f68225a2f1f406cb5703dfb746dc6aa94,1666854095,2,0x64dab8542cf0a45ec4c78ff1c400c56f68225a2f1f406cb5703dfb746dc6aa94,0xeca2e2d894d19778939bd4dfc34d2a3c45e96456,recipient,281063.038627,-180.97756998995092,2010276315776780126985114212996670,0,1553.272507641321,202839,249886,9524155809
mypool,15837791,0x6b1971d2c50e40bfe6cdee945e64c8fc88001df5affac216dee6e423de9586fb,1666854155,136,0x6b1971d2c50e40bfe6cdee945e64c8fc88001df5affac216dee6e423de9586fb,0xf1ab132be9f987936b6fca4a89db745b4af7bdaf,recipient,46.574873,-0.03,2010276429725615010942678888435768,0,1553.2723315525152,202839,174410,9800271047
mypool,15837792,0xb716c8b827141d0bb6176852d95dcdd33d62ed0e3ea0dc61ef7c2e218f470c5f,1666854167,93,0xb716c8b827141d0bb6176852d95dcdd33d62ed0e3ea0dc61ef7c2e218f470c5f,0xafbb85623a26d7a99c94db157a4ec970639aa30c,recipient,54.045064,-0.03481173462499477,2010276561950835037865254712328734,0,1553.2721272206606,202839,145465,10125590417
mypool,15837793,0xf31570b308dc07f39491c652d265551ea93544f077df63bf518897799142b486,1666854179,2,0xf31570b308dc07f39491c652d265551ea93544f077df63bf518897799142b486,0x10045cf950fd303847010dfbff57eb1a6d978ee1,recipient,-175053.671004,112.61960593226235,2009848585533257191298082050309334,0,1553.9337040405271,202834,173605,210976786038
mypool,15837794,0x4e867ca74d45182f4494dfccfa00bf9ec106a3e714e6d3bbc7e35dc463801ace,1666854191,8,0x4e867ca74d45182f4494dfccfa00bf9ec106a3e714e6d3bbc7e35dc463801ace,0x2393eabfb6885e83822f79cbf5bd1fc05c95fe54,recipient,-293007.837263,188.4063454368116,2009180531146623356337334867961730,0,1554.9672446289064,202828,139636,383376588623
mypool,15837794,0x938dd0701088fe73796b59c0880e84bbeeb32c32cdc26adb6c3bc875b30bdb47,1666854191,5,0x938dd0701088fe73796b59c0880e84bbeeb32c32cdc26adb6c3bc875b30bdb47,0xe8b22a88deb45c7848d394fd039b8d811511a9f3,recipient,19597.06351,-12.617870655261413,2009896511921919975171808550407429,0,1553.8595971974285,202835,386373,11494193046
mypool,15837795,0x843d062b4f63bf925680f6eddd95eade3b54435a921621ba6d9aaae327059d6d,1666854203,62,0x843d062b4f63bf925680f6eddd95eade3b54435a921621ba6d9aaae327059d6d,0x93f635372008b7c5d770aaa6ff313454c8dc498c,recipient,-120992.339484,77.75987406453471,2008885028493617620144587914483174,0,1555.4247429278253,202825,277768,12112899834
mypool,15837795,0xbb97f4e8b2f49656d0723791b72d4ae71676463c3c715cd834578cbd126aaabe,1666854203,110,0xbb97f4e8b2f49656d0723791b72d4ae71676463c3c715cd834578cbd126aaabe,0xf0d919bf7cd8a631fb8261efd4e8ff7631e27825,recipient,26538.08611,-17.07071903987303,2008949868111791784232577203275651,0,1555.3243407022705,202825,654405,11961399833
mypool,15837796,0x20e73ed01f5b4d9662adb6c37c323fc2ca1a0f913da23f1f61f6346d849489c6,1666854215,259,0x20e73ed01f5b4d9662adb6c37c323fc2ca1a0f913da23f1f61f6346d849489c6,0xdd98611a55cb3cc7e1cf84a788b9e5f9196a1f3f,recipient,270.0,-0.17364939365230853,2008749620770600536920040414208581,0,1555.6344491244631,202823,209313,11327933043
mypool,15837796,0x2a2d55142ea6d76fd93a554a761fd2163d35da300cb10e09d4a56705f94bf63e,1666854215,130,0x2a2d55142ea6d76fd93a554a761fd2163d35da300cb10e09d4a56705f94bf63e,0x56f03dbc2d16f4a252a7176e1fc3f05b53c6aad5,recipient,-101894.568395,65.47252243013604,2008701059786034646324557387495575,0,1555.7096659450501,202823,279732,11327933044
mypool,15837796,0xd2b55e08fe391bec253450287cb4f9063f7979bf1746127ab4c07ad91bbcd0f9,1666854215,159,0xd2b55e08fe391bec253450287cb4f9063f7979bf1746127ab4c07ad91bbcd0f9,0x33ad49856da25b8e2e2d762c411aeda0d1727918,recipient,19609.236417,-12.611295169057033,2008748961199064370711660463732389,0,1555.6354707079377,202823,289036,11327933043
mypool,15837797,0xb294df6d65fc05c4342ac834ec86db8fa264b56ecfa9d70ae313b6c28dc5b0cd,1666854227,38,0xb294df6d65fc05c4342ac834ec86db8fa264b56ecfa9d70ae313b6c28dc5b0cd,0x474a6faf2178982be06028f0e1256af98910d9be,recipient,-82218.110598,52.82011461775192,2008548894056605875361365906820876,0,1555.9453930053712,202821,173592,44170648542
mypool,15837798,0x26f6dcce1c6ccc264455a2ab93f0cd90798107b3705f542461f707f07f439f62,1666854239,81,0x26f6dcce1c6ccc264455a2ab93f0cd90798107b3705f542461f707f07f439f62,0x8372198f18437da11d796474b7d947e7f1a45237,recipient,-9454.5,6.0732620876255465,2008525814478856005666410863638623,0,1555.981151339901,202821,519813,12278627346
mypool,15837798,0xb95101dd00fb6a9a81ea7c9f189b1589c668ec104b9c51d23fbac21f63fe2f42,1666854239,131,0xb95101dd00fb6a9a81ea7c9f189b1589c668ec104b9c51d23fbac21f63fe2f42,0x52d2eecf088301579af0fe3e6ab788e27ca77084,recipient,23.328046,-0.015,2008525871453273447645193201358172,0,1555.9810630650923,202821,195616,11778627346
mypool,15837799,0x5b0a5c8d5c17d9adb0fe773748f64179162136d20385961de3e6eb654e217e0c,1666854251,47,0x5b0a5c8d5c17d9adb0fe773748f64179162136d20385961de3e6eb654e217e0c,0xd54e4f8a55247487dd7c8c59f14ee5c0c2889477,recipient,1555.200131,-1.0,2008529669747769579564015715994784,0,1555.9751780947995,202821,664717,19425010819
mypool,15837800,0xb201a1dee9c684a135f145c6fc4c82e5dbbb1372bcd4411bf852101a377ecd2a,1666854263,82,0xb201a1dee9c684a135f145c6fc4c82e5dbbb1372bcd4411bf852101a377ecd2a,0xfb2875efe1aa73f02d48046fb2fad0308bc01e5d,recipient,1088.636592,-0.6999999998307549,2008532328553916229064252804519035,0,1555.9710586354602,202821,2100005,12397306326
mypool,15837801,0x711822914b8f4e80d5b4fd93640c77c0c0c27521cc15b2045e37cf5895c9da3a,1666854275,304,0x711822914b8f4e80d5b4fd93640c77c0c0c27521cc15b2045e37cf5895c9da3a,0xe8701b48d649808b2d91cb1f71555e9d423cc399,recipient,-32.001741,0.020556769728094587,2008532250434191050001808812325491,0,1555.9711796711408,202821,1000000,11809969789
mypool,15837803,0xec9d9a9fcc1ed9218912545f6ed182c22b0ed2cfb662079474285335df48786a,1666854299,471,0xec9d9a9fcc1ed9218912545f6ed182c22b0ed2cfb662079474285335df48786a,0xa903c06bf35286f6d1cdad25396748353979a44c,recipient,-623.6,0.4005779385574945,2008530728160074697024027307282867,0,1555.9735382265933,202821,276665,10004074677
mypool,15837805,0xa6190bd3fcb6cacee19b10dc50c219fcbfb222213ef5f8e54683f9c28b4776c3,1666854323,129,0xa6190bd3fcb6cacee19b10dc50c219fcbfb222213ef5f8e54683f9c28b4776c3,0x52d2eecf088301579af0fe3e6ab788e27ca77084,recipient,-23.328046,0.014985075109635008,2008530671213873283267083704256944,0,1555.9736264570447,202821,261504,12448335550
mypool,15837809,0x145dc439bd435874a1c5ab311a14fac56c9c1978409de9a3a731778d886c0937,1666854371,133,0x145dc439bd435874a1c5ab311a14fac56c9c1978409de9a3a731778d886c0937,0x08d2d20a26cc82e9e9891ca7b274edf571f5f36c,recipient,-800.0,0.5138937077377091,2008536044940890069035504410318599,0,1555.965300625552,202821,209958,12150420189
mypool,15837809,0xd295f8ec6946db117390674dc097f778fd12f294ecc01e8d7063ed4c06c85c70,1666854371,56,0xd295f8ec6946db117390674dc097f778fd12f294ecc01e8d7063ed4c06c85c70,0xcc88036fa05c86129bf66260c2a905ab2c7b663c,recipient,2999.843944,-1.9289244459556365,2008537997836979810871781394634524,0,1555.9622749052744,202821,1422315,15150420189
mypool,15837810,0xf7f737b9b5b561885f4949bedc5c66b68ff16da2ec512f29bd079a5df5c6a905,1666854383,220,0xf7f737b9b5b561885f4949bedc5c66b68ff16da2ec512f29bd079a5df5c6a905,0x92ec1e559366ce50a8dab6d90b460c070943d9a5,recipient,-187.246373,0.12028077125735472,2008535587850553443409970971098404,0,1555.966008819908,202821,277054,13002033675
mypool,15837812,0x17f97110c28347579076bf1d7c150df375f95d83f9a9bed8bd802d6c53655236,1666854407,2,0x17f97110c28347579076bf1d7c150df375f95d83f9a9bed8bd802d6c53655236,0xa9aa32d4f5442ba135c199d310e80ea2e9fbd866,recipient,-155314.439734,99.74991994412409,2008156518744086844043674658528286,0,1556.5534872436526,202818,173410,49967429489
mypool,15837812,0xaa630ee10cb2debf255257723cfdf4685fded42758babd564b388ab94d7978d5,1666854407,674,0xaa630ee10cb2debf255257723cfdf4685fded42758babd564b388ab94d7978d5,0x3376ebc8dce3453a045a145ab7b1e728b2ed581e,recipient,-4520.0,2.90238351828976,2008145489121932582924066170699966,0,1556.5705858493739,202817,320000,15000000000
mypool,15837815,0x49e059c3e650776834e5155fc6b523618ba07a5b2a478615c738c35dd95365d3,1666854443,467,0x49e059c3e650776834e5155fc6b523618ba07a5b2a478615c738c35dd95365d3,0x138a8f3548164056cd923c2b262a145d74ebc17c,recipient,-697.701284,0.44800810718234174,2008150121990235486418277936182557,0,1556.563403738703,202817,386923,14060223656
mypool,15837815,0x5fee6990251400d8d5466fd7a1a66415a4422b9d230b2d425a408dbd22a20aa6,1666854443,270,0x5fee6990251400d8d5466fd7a1a66415a4422b9d230b2d425a408dbd22a20aa6,0x49080e990afafb37f48abf389f97e0e705486851,recipient,3295.715485,-2.1183567202462035,2008151824508222212949036523960208,0,1556.5607644202646,202818,298906,15179477124
mypool,15837815,0x81d8b387fa6a171267a0ebfa18f7e9b9ae22a2c2a2103dbd3fd9554923ac6e6f,1666854443,38,0x81d8b387fa6a171267a0ebfa18f7e9b9ae22a2c2a2103dbd3fd9554923ac6e6f,0xf4f797e48e10ec726b809190abb45a8a8a3d53b2,recipient,-701.08185,0.45017599485128035,2008143778365550857732237970425956,0,1556.5732379644528,202817,317152,14449479324
mypool,15837818,0x10a153d88fa69677ce774af0e006b5f198263b1d2da2c69a3a826023677c0731,1666854479,147,0x10a153d88fa69677ce774af0e006b5f198263b1d2da2c69a3a826023677c0731,0xdb3be154aeb741867196a918fa2bd5f704dc022a,recipient,777.891825,-0.5,2008152021137483552377689193500863,0,1556.5604595973475,202818,199050,14289555056
mypool,15837818,0x5327c031cdd2781be637a0aa6a414c5f4e03e1151735a9ffec5e5a8cfba5c4f3,1666854479,154,0x5327c031cdd2781be637a0aa6a414c5f4e03e1151735a9ffec5e5a8cfba5c4f3,0xe7aa114c36e4057cc5374700984e4cf6239bbed6,recipient,-401986.097513,258.0,2007273384873271392011123117986460,0,1557.9234526064804,202809,285009,14289555056
mypool,15837819,0xee08acfca63e6994bc15863a42e0b2186d6fdfe27ff3f23a066334c70d8715c2,1666854491,2,0xee08acfca63e6994bc15863a42e0b2186d6fdfe27ff3f23a066334c70d8715c2,0x988749e7c18416447205893e0443ced3598cdd6b,recipient,150049.159778,-96.37189280322711,2007537619762395277850985635294116,0,1557.5133675,202811,212659,51879574953
mypool,15837820,0x2ea19c05a569aa14c2e011b00facb22a6258f79bbb52253093194b54bf3f4def,1666854503,63,0x2ea19c05a569aa14c2e011b00facb22a6258f79bbb52253093194b54bf3f4def,0x82956bd88ecf02a58a26132cb22fd68370d0957e,recipient,15249.926638,-9.797247336764647,2007673870464569901778194216365608,0,1557.3019735159462,202813,565293,14686815463
mypool,15837820,0xe1c83fe9356a0ba0c06e37053c4178f254267329391c6bd91b4edd589a2dc8c2,1666854503,2,0xe1c83fe9356a0ba0c06e37053c4178f254267329391c6bd91b4edd589a2dc8c2,0x479bc00624e58398f4cf59d78884d12fb515790a,recipient,40588.763453,-26.0743003574381,2007636657633933425517625975872815,0,1557.359705228958,202812,244468,12686815463
mypool,15837821,0x60080a1d0c79b938e2b56331880f960e29246f33050cdf5fb0b353b788d2decf,1666854515,27,0x60080a1d0c79b938e2b56331880f960e29246f33050cdf5fb0b353b788d2decf,0xd92443bd9216974a7b31d0ac32057e3bad0b2f13,recipient,111.29141,-0.0715,2007674073749999715318517382597960,0,1557.3016581492348,202813,174427,13369164141
mypool,15837821,0x6a892d784c52a748dbeab7a476067dc91c871bb207c4d5f2b19fbe53c88e04e3,1666854515,9,0x6a892d784c52a748dbeab7a476067dc91c871bb207c4d5f2b19fbe53c88e04e3,0x11dac3ac855782f49f8897475937dd614cdc357d,recipient,-28.0,0.017970823593608798,2007673802171943241886321572801443,0,1557.3020794616866,202813,261428,13869164141
mypool,15837822,0xa4cdac7f53a89b333b84958a147596c0b4454cd252535e18068d0453b882b370,1666854527,14,0xa4cdac7f53a89b333b84958a147596c0b4454cd252535e18068d0453b882b370,0xcc88036fa05c86129bf66260c2a905ab2c7b663c,recipient,-3000.0,1.925438823085631,2007666756707794247713132182030705,0,1557.313009497944,202813,823029,16027421844
mypool,15837822,0xa95a43334f7490264e656f35eb4995114cf9c567f3f2d1fd9491f08189846dd5,1666854527,450,0xa95a43334f7490264e656f35eb4995114cf9c567f3f2d1fd9491f08189846dd5,0xc8abf85f9840b4156e0fdf0532e86f6f3e8620a9,recipient,-1832.4844,1.1762300583123246,2007768770775045313653740542265989,0,1557.1547604003558,202814,1000000,11273493535
mypool,15837822,0xd02202a63786bf5a3fdac1cfb4dce569fad45bfbd2d6edf054be0d7971e242b6,1666854527,23,0xd02202a63786bf5a3fdac1cfb4dce569fad45bfbd2d6edf054be0d7971e242b6,0x6046945c5b5ef5933b8e73a98a6ad7bf3e031df7,recipient,43634.628014,-28.0346798985,2007773240678153540395404739575797,0,1557.147827024599,202814,253634,11027421844
mypool,15837824,0xda97db00c3a8155468c72c155f9768204cd264f8de7d8148ea3910545a7660c7,1666854551,255,0xda97db00c3a8155468c72c155f9768204cd264f8de7d8148ea3910545a7660c7,0x5efba283c7de487823be3233833878fe1f36d24e,recipient,-1000.0,0.6418750474388267,2007766331524960379877101730023226,0,1557.1585440001993,202814,1151278,12580655050
mypool,15837825,0x0fbfe85029273e9a6fe2e50b63659dd2de41bed359c8981ca2c678e40cf3b660,1666854563,197,0x0fbfe85029273e9a6fe2e50b63659dd2de41bed359c8981ca2c678e40cf3b660,0x5c6305f89f7d308ce0161aa520775621f347d238,recipient,254.555628,-0.16355625,2007766806404947942822518679645310,0,1557.1578073973822,202814,320160,13218674873
mypool,15837825,0x9ce4bca12e9872877498ed9742da07b05aa54ac1183cbf8dfe358c43d4c23adc,1666854563,144,0x9ce4bca12e9872877498ed9742da07b05aa54ac1183cbf8dfe358c43d4c23adc,0xf8306df68dc5af4945afe9a2d5fe312e4763cc69,recipient,-60.0,0.03851245324992309,2007766185170143759846370764735776,0,1557.158771016336,202814,195848,13387671243
mypool,15837828,0x8c163338602cc7bfe5d3adee75c05c3b7a7c9cf86cba8c88d3300c5d3edf99c7,1666854599,194,0x8c163338602cc7bfe5d3adee75c05c3b7a7c9cf86cba8c88d3300c5d3edf99c7,0xcefcca169357a18eb8c3f230f92b58562e48cae5,recipient,-800.0,0.5134954148241055,2007757537304293769749418738940807,0,1557.1721851153088,202814,738747,12525057340
mypool,15837828,0x96bea998d945376dcbcdeb9bd8421cb7eaee2dd0a7848d7d92fb2d6615cce948,1666854599,315,0x96bea998d945376dcbcdeb9bd8421cb7eaee2dd0a7848d7d92fb2d6615cce948,0xca46a198a460e1c4797ed8b2ee8b8e9c3d775965,recipient,-960.0,0.616193180227994,2007755195650301759731492923892693,0,1557.175817391393,202814,239812,12025057340
mypool,15837828,0xc1b2f746f26bb9ac8353afd95e195a572d433b4f00f061e6ff2dc7e879a7897c,1666854599,11,0xc1b2f746f26bb9ac8353afd95e195a572d433b4f00f061e6ff2dc7e879a7897c,0xcb018790c03bdfd33a82354dee4e320f1398d66f,recipient,-3000.0,1.9256166954350304,2007759488686792934708675267654122,0,1557.1691582218082,202814,823134,15525057340
mypool,15837829,0x1a590030c4569f7a4d991587af812f007bc3cfe18d959683825696712e8bbfd1,1666854611,5,0x1a590030c4569f7a4d991587af812f007bc3cfe18d959683825696712e8bbfd1,0x474a6faf2178982be06028f0e1256af98910d9be,recipient,-154747.616196,99.30874066699693,2007377803110938831767532944355028,0,1557.7613790893556,202810,173596,90505600172
mypool,15837829,0x8223202ef2f45288c40e7992dac999262e1c944b86f5c643c4921362590ab028,1666854611,147,0x8223202ef2f45288c40e7992dac999262e1c944b86f5c643c4921362590ab028,0xfd60256c3ad141254296f0d09b81b64c20c9face,recipient,1552.058553,-0.9968393881975213,2007381589400500549921985377392974,0,1557.7555026480075,202810,450718,12839687083
mypool,15837830,0x8be32ee07510a3688d22a6f8228c3f56cecba91a607a993a83cfbc8e400854b2,1666854623,138,0x8be32ee07510a3688d22a6f8228c3f56cecba91a607a993a83cfbc8e400854b2,0xd56fcae4a198ee5d698d04faa60ca869069c5ae9,recipient,-1859.615984,1.1931795293948773,2007377055086103953788703400381480,0,1557.7625400515303,202810,241034,13193060551
mypool,15837831,0x09ada8ddc242f5d8b413aa63efb554992238f8fcca1748459bb9ca9b8a35d061,1666854635,141,0x09ada8ddc242f5d8b413aa63efb554992238f8fcca1748459bb9ca9b8a35d061,0x49c233d25768e462f0474390f653baf40dd592b2,recipient,7274.367906,-4.6721041034868085,2007388940758565325654564877323018,0,1557.7440932023578,202810,281994,12155816801
mypool,15837831,0x60fc73d53b4a86883cdb7db8890803482084cb8e2b67779fd17891f74159f404,1666854635,27,0x60fc73d53b4a86883cdb7db8890803482084cb8e2b67779fd17891f74159f404,0xe8cc0a0965809e68da8d45782e5f50fdb6013d92,recipient,-3000.0,1.9248691609786028,2007369740208725345392808880869013,0,1557.7738930798228,202810,607720,14010816801
mypool,15837831,0xd762f82cb95852b72386a9d9ab9c4ca1cd6c04fe84ddfa21294ed87a6f507b4c,1666854635,128,0xd762f82cb95852b72386a9d9ab9c4ca1cd6c04fe84ddfa21294ed87a6f507b4c,0x8ef797e616ad41f858eddf2c2e8c3d2b0b2bfb14,recipient,596.236729,-0.38294095937853406,2007371194731263696355487098169015,0,1557.7716355836287,202810,436826,12500816801
mypool,15837833,0x76857b70f613d16efe0fac648142f5e43af3dc88b16a6323a9d65b3956af0508,1666854659,142,0x76857b70f613d16efe0fac648142f5e43af3dc88b16a6323a9d65b3956af0508,0xdd78d90a5755ecc367f6acba9303298082cf0ff5,recipient,770.706424,-0.495,2007378629337289416636974020614876,0,1557.7600967570488,202810,174460,12519795066
mypool,15837833,0x88367045ab67669df82f0c73ceca19fecf2c5e8ee1a41a48f47ddb2e035af181,1666854659,177,0x88367045ab67669df82f0c73ceca19fecf2c5e8ee1a41a48f47ddb2e035af181,0x89d1fa85ac8c5f9d6d44bfe50f5b55bf3e9fcb73,recipient,-1558.542318,1.0,2007374829142695988003834936436174,0,1557.7659948055998,202810,225512,12019795066
mypool,15837833,0xba28f87a03cc4eeac6813c136f4edd53d098a4ec704331ef1657d946e4f0a313,1666854659,6,0xba28f87a03cc4eeac6813c136f4edd53d098a4ec704331ef1657d946e4f0a313,0x1dfd98f5b4dd60a193aca569fc22ba07747eb5e2,recipient,-5000.0,3.2081454651233434,2007376749181513831337156875869753,0,1557.7630148271278,202810,317354,12519795066
mypool,15837836,0x8c430367a7f3b93f91a28c5ad6bf39273a047d6a5cc93ea612a7f0f64ee60295,1666854695,310,0x8c430367a7f3b93f91a28c5ad6bf39273a047d6a5cc93ea612a7f0f64ee60295,0x634cea5cbe400f8d19bac14b43735bce52f20680,recipient,-306.45617,0.19662955026772308,2007374081912142152298932972024757,0,1557.7671545401745,202810,261160,11660877830
mypool,15837839,0xb27dd53b3165c53f666d75f1d6d9d7d9e18b54e6c67c80703a55df0e9a920085,1666854731,305,0xb27dd53b3165c53f666d75f1d6d9d7d9e18b54e6c67c80703a55df0e9a920085,0x20818168cf8e0521737dd8eb257822cd7b50fc85,recipient,-542.687531,0.3482008385312767,2007372758681198138424720310292433,0,1557.7692082557815,202810,316610,11000577655
mypool,15837840,0x3a6e4a14ad7d820bd00062dbf0a257683b26bcbb9c56a1cb48ece2ad6b4c564a,1666854743,376,0x3a6e4a14ad7d820bd00062dbf0a257683b26bcbb9c56a1cb48ece2ad6b4c564a,0xf8d68e38b6b380ddcb70b2bee3d1f57d71724eac,recipient,500.0,-0.32112425044959086,2007347623763047188894258714397170,0,1557.8082195821896,202809,209316,12252985334
mypool,15837840,0x887e4e5ed0ba1e1a02b236de62aff4d770adc5479788dd1f249368308c28ecf3,1666854743,423,0x887e4e5ed0ba1e1a02b236de62aff4d770adc5479788dd1f249368308c28ecf3,0x21340c5da8a46058f18a1458186ecc0b31a88cca,recipient,-1168.941336,0.75,2007346421649007397161140685050783,0,1557.810085392368,202809,246022,12252985334
mypool,15837840,0xc416bc5fbe9bbe9c10bfbdac451797413946e3793f39cf41d5c52dc84c9dafda,1666854743,203,0xc416bc5fbe9bbe9c10bfbdac451797413946e3793f39cf41d5c52dc84c9dafda,0xe3c5f195efb34d723543d8bd5bf85a910a22852e,recipient,-10823.776356,6.944688835952587,2007347109316439191483036194510645,0,1557.8090180582012,202809,800681,12752985334
mypool,15837842,0x3a8a4d910b10073869e05af130750f5b5176f3db517aaedf8d65c22e796f1ca1,1666854767,206,0x3a8a4d910b10073869e05af130750f5b5176f3db517aaedf8d65c22e796f1ca1,0x7695f4ed412de366208dab59c4b08eb9c97928d1,recipient,1.557031,-0.001,2007346423251024707523590353677891,0,1557.8100829058628,202809,305310,11000000000
mypool,15837843,0x3220c07c60f13c2ed48cd08a76d1f5b631b5d82e1113a99faf71926463e0c822,1666854779,110,0x3220c07c60f13c2ed48cd08a76d1f5b631b5d82e1113a99faf71926463e0c822,0x56c9243c19091dbc2bb3439b58878b939a33696a,recipient,45929.860093,-29.5,2007458377897781392300015917036395,0,1557.6363316428083,202811,597209,11000000000
mypool,15837843,0x4319a174d3dfa4438e51be8f9c296dabd2a6718f90e50ebbeec9239d81e3e8cc,1666854779,29,0x4319a174d3dfa4438e51be8f9c296dabd2a6718f90e50ebbeec9239d81e3e8cc,0xb1ed2c6703af3e27c580c27e44ddc9e15a6266c2,recipient,700.663778,-0.45,2007347144158814370625941235876918,0,1557.8089639790992,202809,195654,12027975497
mypool,15837843,0x9444046b08d950d6080d69b86d468fecf1b8c3b5cc68023dca77680c0dbeeee6,1666854779,54,0x9444046b08d950d6080d69b86d468fecf1b8c3b5cc68023dca77680c0dbeeee6,0x57fd4a4c67401ae7994852569c4b736ba2f6bd4d,recipient,-50.0,0.03208031271833325,2007347092739888611135680979057072,0,1557.8090437867863,202809,240985,12027975497
mypool,15837845,0x239eb52e7aef6c18af47d7aa6e42a7207ddf30eaebb996969d62044c79e57779,1666854803,142,0x239eb52e7aef6c18af47d7aa6e42a7207ddf30eaebb996969d62044c79e57779,0xfb44c6a5136000d0ee01b8a4293b307aa4f96f07,recipient,29.580291,-0.019,2007458450065376818806473544814490,0,1557.6362196495893,202811,174463,11857261591
mypool,15837848,0x4bd74cae4e1a26b1659456f8aec66e4409c7278bf11195bfc4c09b1493c1b613,1666854839,53,0x4bd74cae4e1a26b1659456f8aec66e4409c7278bf11195bfc4c09b1493c1b613,0x9e50e545bac183ecfd56929a2a060a1f74cbea08,recipient,554.43306,-0.3561234533621542,2007459802727129667768758120633802,0,1557.6341205248882,202811,285739,11301814146
mypool,15837850,0x3079a9dde2366af1d6ba4003e5a227d06b2097c2d47c609e9e790fff69a0b739,1666854863,152,0x3079a9dde2366af1d6ba4003e5a227d06b2097c2d47c609e9e790fff69a0b739,0xa7883f3b5f1efa29f698ba6b345c55fda9a2ed83,recipient,-500.0,0.3206802256745058,2006962311640235741205210787580239,0,1558.4064371053823,202806,261513,11184623230
mypool,15837850,0x614312edef030c4052555847244d76ff75c1115808f2224993ede255513d9d59,1666854863,2,0x614312edef030c4052555847244d76ff75c1115808f2224993ede255513d9d59,0x8a14ce0fecbefdcc612f340be3324655718ce1c1,recipient,-420271.97375,269.6048820487059,2006962825452933921033280844093765,0,1558.4056391544648,202806,319686,9684623230
mypool,15837851,0xaacab769fe957649f21d23770803ac8ca45312508b3e26a1dceb9505be8da66c,1666854875,222,0xaacab769fe957649f21d23770803ac8ca45312508b3e26a1dceb9505be8da66c,0x69181a03fd84d1e2679eb520dfde72c97e1ce524,recipient,-33724.976422,21.629487059289332,2006927655605293756774448715822128,0,1558.4602593287188,202805,287328,11369286395
mypool,15837852,0x7b65c3ebef9d395efa0a6c4697cd4cee10f29f0afb22c85ba133e44cf9804b06,1666854887,33,0x7b65c3ebef9d395efa0a6c4697cd4cee10f29f0afb22c85ba133e44cf9804b06,0x56f03dbc2d16f4a252a7176e1fc3f05b53c6aad5,recipient,-36902.801121,23.66672655391625,2006889735385541589381226350836313,0,1558.5191541576553,202805,243360,10536446609
mypool,15837852,0x8d1d24de2071982bc7a25301d4971f4f6f92b79aa85d4e180e633186c0081204,1666854887,91,0x8d1d24de2071982bc7a25301d4971f4f6f92b79aa85d4e180e633186c0081204,0x9e50e545bac183ecfd56929a2a060a1f74cbea08,recipient,559.294426,-0.35904234630110016,2006890310376643917542391888720469,0,1558.5182610998595,202805,264604,12086446609
mypool,15837855,0xe07c0efa41f604e9a7b569dcf50c1e33cdf762e267551ddc7fd3fc5007e1f328,1666854923,3,0xe07c0efa41f604e9a7b569dcf50c1e33cdf762e267551ddc7fd3fc5007e1f328,0x988749e7c18416447205893e0443ced3598cdd6b,recipient,-123427.443524,79.15077873384337,2006763490348690120979227866979239,0,1558.7152524999983,202804,185189,21379763558
mypool,15837858,0xa802fc12b76ba33b40a17e7de2c0220e4665722ba3243a9c111281d12bc4dac2,1666854959,122,0xa802fc12b76ba33b40a17e7de2c0220e4665722ba3243a9c111281d12bc4dac2,0xd73e5048a7ca03ee765d7e9f1210990274f7d1ff,recipient,311.587129,-0.2,2006763810640214645477539515418699,0,1558.7147549394565,202804,174448,12219483281
mypool,15837859,0x5cbd386b9aa165fe11e81e0f8ee61120c6d7a098691e7f587cd5a7ae76c14055,1666854971,177,0x5cbd386b9aa165fe11e81e0f8ee61120c6d7a098691e7f587cd5a7ae76c14055,0x96d882e908c06cd697ea07266fb8d14ae129a50b,recipient,5.0,-0.003209375703659081,2006763815779893829961795653566758,0,1558.7147469551649,202804,209304,11497534326
mypool,15837860,0x0aa11f040ec3ba048359349667bddd323ae29c48d7d28bfd438e40c2c1b49150,1666854983,138,0x0aa11f040ec3ba048359349667bddd323ae29c48d7d28bfd438e40c2c1b49150,0x97ba7882cd9487fb7d63a0353192e71258ff5d34,recipient,-100.0,0.06412333948723489,2006763713037711929169260984494762,0,1558.7149065611584,202804,240903,13031598843
mypool,15837862,0xe1b34722e81281eb4a1d075b00e58600b53be101893a58a9739d335e9f6ebc61,1666855007,215,0xe1b34722e81281eb4a1d075b00e58600b53be101893a58a9739d335e9f6ebc61,0xfb44c6a5136000d0ee01b8a4293b307aa4f96f07,recipient,-16.0,0.010259733708635914,2006763696598963801333432647290278,0,1558.714932098118,202804,240884,11819450483
mypool,15837863,0x72d3cb852fe3dfc85de70ab5194e65ad5d205413258bd5f7dd403d113d1556f4,1666855019,7,0x72d3cb852fe3dfc85de70ab5194e65ad5d205413258bd5f7dd403d113d1556f4,0x0e44a8730c247bf1f679a587518a319ea469a105,recipient,-337.224528,0.21623957650352907,2006763350127209820106772932622679,0,1558.7154703287401,202804,1500000,21000000000
mypool,15837863,0x9bb1f00c63f396b55c892584d7b6a83d6d6685d1424b6b0d32ae79b34f321f5c,1666855019,74,0x9bb1f00c63f396b55c892584d7b6a83d6d6685d1424b6b0d32ae79b34f321f5c,0x4ca8ad3a20848ac6f5dbb14cc02fce8c037d11da,recipient,518.50419,-0.33281488506051154,2006763883116144422491337082919130,0,1558.7146423509253,202804,329021,15000000000
mypool,15837864,0x3b6fcbd759d2d865ad7a20c41236715fcac4db629d047c69de1c96a7a01e8fd1,1666855031,295,0x3b6fcbd759d2d865ad7a20c41236715fcac4db629d047c69de1c96a7a01e8fd1,0x0ea4a285e1353f490ec7f473ab3174cac71cf79a,recipient,2641.655694,-1.6956155334140481,2006766598572565445520693141424374,0,1558.7104240040348,202804,526717,12176065449
mypool,15837866,0xb22cc3947ea3b8ca872f4cacfc198bbb0a2e01438c8bebaa821405d4e40a9858,1666855055,54,0xb22cc3947ea3b8ca872f4cacfc198bbb0a2e01438c8bebaa821405d4e40a9858,0x055f5f8650b82a9a7aeeb124a67eeff4d8f2515f,recipient,-200.0,0.1282470280897519,2006766393087642270919402041150270,0,1558.7107432155879,202804,240932,13002082836
mypool,15837867,0xca7b9db21d9b594df7a170e6d47ff8254ddf866e95088ae02e6f5d440ef67d81,1666855067,409,0xca7b9db21d9b594df7a170e6d47ff8254ddf866e95088ae02e6f5d440ef67d81,0x8aa3e4603b231875ff9339bc3993ba735690915d,recipient,2615.70863,-1.6789649114278133,2006769081556208284469950728988868,0,1558.706566808777,202804,767528,12376969211
mypool,15837869,0x3424b1f40bb51d1061a29834b88a2e82e86be4f46b87fb2a6a3171dbce3483f7,1666855091,400,0x3424b1f40bb51d1061a29834b88a2e82e86be4f46b87fb2a6a3171dbce3483f7,0x2e97bab47dfb1fd1395be6d86fcd48c19374b79b,recipient,-199.139293,0.12769487653911565,2006764541102327530923926288461541,0,1558.7136201956012,202804,316813,14358983588
mypool,15837869,0xaf858805c0ce9e9714991b20189cf1a5adbc0ef124b77352e10d060d1798ab5b,1666855091,163,0xaf858805c0ce9e9714991b20189cf1a5adbc0ef124b77352e10d060d1798ab5b,0xaaa313393e79ea3454939e843e0aa8dec66a9949,recipient,778.963295,-0.5,2006769882188951623710515554431879,0,1558.7053230675021,202804,361702,14858983588
mypool,15837869,0xc97864689ef41363516748b74d084789217631d696f64197ce20b83f6367066c,1666855091,383,0xc97864689ef41363516748b74d084789217631d696f64197ce20b83f6367066c,0xbd93e6778ea7627db58f4e90051e421429177ff8,recipient,-5000.0,3.2061783163779833,2006764745678014001915010633844390,0,1558.7133023956267,202804,348189,14358983588
mypool,15837871,0x02e5555707bac7678189e8a4ebe52f9fedcae12129f5b1647575182b951f93b9,1666855115,18,0x02e5555707bac7678189e8a4ebe52f9fedcae12129f5b1647575182b951f93b9,0x655ebb9edd6e77e17e2a2c8ba3c15897cb594e60,recipient,-2795.6,1.7926309008709014,2006761669188378638549752867238206,0,1558.718081606899,202804,667850,14506601001
mypool,15837872,0xb540b5f08499989b9fbc25a732f0973816ed2f3b53ca543e001eee5775e2f7bd,1666855127,113,0xb540b5f08499989b9fbc25a732f0973816ed2f3b53ca543e001eee5775e2f7bd,0x9cc5a7a964eccbae8e9234f02d1116e3444c0ac3,recipient,490186.48096,-314.7168571259469,2007265614429770339919406334659478,0,1557.9355145673014,202809,206775,15225388368
mypool,15837874,0x2f995b4feab6f8e5b9e78e9d223c46fede6b23a44d878bc62b87a63697b39899,1666855151,221,0x2f995b4feab6f8e5b9e78e9d223c46fede6b23a44d878bc62b87a63697b39899,0xbbabe5947da142b0f0e8b13061108d0f6cab64ed,recipient,503.988009,-0.3236588778753291,2007264940431850557908585888731103,0,1557.9365608123196,202809,294044,14300000000
mypool,15837874,0xb6e5d495666098dda5cd4d5f1c5eebf5b6bb26b50d5447ef62a2926ffa8af65a,1666855151,162,0xb6e5d495666098dda5cd4d5f1c5eebf5b6bb26b50d5447ef62a2926ffa8af65a,0xf097cb4511ff2b8677075934718014675abe03c4,recipient,-1160.0,0.7442023758330997,2007264422168059959058641999627429,0,1557.9373653124173,202809,261418,14548002013
mypool,15837875,0x322640988a9c9ec4a6039523ae032f420686d382e1114060fc2856325f1ba23d,1666855163,58,0x322640988a9c9ec4a6039523ae032f420686d382e1114060fc2856325f1ba23d,0x5a243879d1a43f48042c33bbc8051c69756f67d4,recipient,89363.22381,-57.391346628,2007369422554796174679236091920234,0,1557.7743860962364,202810,338112,15697245131
mypool,15837875,0xb7bf9f4a57bede509774e3342689c3fcb9f7171ae70cc332568c939343fe13b2,1666855163,100,0xb7bf9f4a57bede509774e3342689c3fcb9f7171ae70cc332568c939343fe13b2,0xfd16c55176fac6032991e71c03e929e7355c6d52,recipient,1043.185663,-0.67,2007371964582317735607202068448221,0,1557.7704407359101,202810,174427,15697245130
mypool,15837876,0x16b969bc0646d0a40f3a115b21fac3c4b3c26b6c4e071e816ad7b540eb171e53,1666855175,132,0x16b969bc0646d0a40f3a115b21fac3c4b3c26b6c4e071e816ad7b540eb171e53,0x98ec31fc63c1e2d42d342e364ad956a4913369e0,recipient,20.0,-0.01284525944916032,2007370006205173563182435694655680,0,1557.7734802388475,202810,209284,14823185227
mypool,15837876,0x243a6a867df9f4bc60cd4d3abc1c4ceff512608ff975cf305ec8d1d1dc93daf7,1666855175,117,0x243a6a867df9f4bc60cd4d3abc1c4ceff512608ff975cf305ec8d1d1dc93daf7,0x343ee80f82440a498e48ae186e066809750a055b,recipient,-834.086693,0.5351679578437624,2007369957469348128322591599020865,0,1557.7735558794907,202810,501452,14823185227
mypool,15837876,0xc01377114844b58ed8e2a979064a7e665d1be47886588db76bce09888776d95f,1666855175,99,0xc01377114844b58ed8e2a979064a7e665d1be47886588db76bce09888776d95f,0x8830a1ebc4c93cdcdd817a4008d0e7d6e0493093,recipient,10.0,-0.006422642490235737,2007371988950278886839821637175539,0,1557.7704029156264,202810,209284,14823185227
mypool,15837877,0xa2d5ae44c553699c55d6c86305329e16191e63680db19b74a4ce423778691332,1666855187,96,0xa2d5ae44c553699c55d6c86305329e16191e63680db19b74a4ce423778691332,0x09ad186d43615aa3131c6064538af6e0a643ce12,recipient,-2498.674061,1.6031966029157068,2007363920520708816311443115532091,0,1557.7829255936656,202810,196729,14655207396
mypool,15837877,0xc4a316d48ae2f64d6f8eb596a6f32bea73dca35399f53b16829c1ecbf0463084,1666855187,163,0xc4a316d48ae2f64d6f8eb596a6f32bea73dca35399f53b16829c1ecbf0463084,0x9599a587bf3404e9239dc7bb5d1fb5fab1b0b63c,recipient,-343.53441,0.22041742353206104,2007363083823021390433615299523871,0,1557.784224206411,202810,261199,14655207396
mypool,15837879,0xdafc1de47c9df795d6973219105954f6ffa67104dd0572a417a6689ef06ee9c2,1666855211,2,0xdafc1de47c9df795d6973219105954f6ffa67104dd0572a417a6689ef06ee9c2,0x988749e7c18416447205893e0443ced3598cdd6b,recipient,-277291.148146,177.8877432378504,2007069175991948791513555900778645,0,1558.2404899999976,202807,214546,81939646646
mypool,15837880,0x256b7679174434a39b31ebdbb438c73a8cf75d78327aa07944c975c5603ca6d1,1666855223,101,0x256b7679174434a39b31ebdbb438c73a8cf75d78327aa07944c975c5603ca6d1,0xfca95f2ff9dd685fa2cd8416ea3c7b9abafb5574,recipient,1392.130834,-0.8938467778620199,2007070607277944560733150026066638,0,1558.2382675699662,202807,174475,14618018712
mypool,15837880,0x44e89160a8347cce27d8f6eae6a09836ec5420f158cb4b06948963a81a126120,1666855223,306,0x44e89160a8347cce27d8f6eae6a09836ec5420f158cb4b06948963a81a126120,0x6ef6ab59fa0ef8e4754df646188c88fbe427cf87,recipient,4419.851041,-2.8378664395125477,2007075151455529955321497692562826,0,1558.231211627505,202807,723762,13318751001
mypool,15837881,0x444e0ad57198bdb0502fd53fdd0d5bd0fff8418efbcb9b313cea60c3ae4ba924,1666855235,9,0x444e0ad57198bdb0502fd53fdd0d5bd0fff8418efbcb9b313cea60c3ae4ba924,0x988749e7c18416447205893e0443ced3598cdd6b,recipient,-140486.262538,90.10596062740746,2006930795712761893625451893381425,0,1558.4553825,202805,185213,27422087767
mypool,15837883,0x0bf456e4e3a274bff5fb9d3b6234ccc3fd51ba7df3a7568ee0b366a7ac69ea43,1666855259,29,0x0bf456e4e3a274bff5fb9d3b6234ccc3fd51ba7df3a7568ee0b366a7ac69ea43,0xb18ccf69940177f3ec62920ddb2a08ef7cb16e8f,recipient,-27066.773095,17.355038174668504,2006687389056144388367684622309950,0,1558.8334796791205,202803,172564,21139494598
mypool,15837883,0xdc31cd80f44bc858d39a4fa54be4f870a2076030dbfa13e7f4d1e3d5657e7cf4,1666855259,2,0xdc31cd80f44bc858d39a4fa54be4f870a2076030dbfa13e7f4d1e3d5657e7cf4,0x99f03d6367f3f5240fcf9712cda1086e0f0d9f0a,recipient,-209861.100637,134.57788944612508,2006715192981756278493452102495218,0,1558.7902833251953,202803,172501,237356511319
mypool,15837885,0x69b2b3a3591a0fd30325bb4a49bab6fd70eb9988270608cf95afc6b1f9d34966,1666855283,285,0x69b2b3a3591a0fd30325bb4a49bab6fd70eb9988270608cf95afc6b1f9d34966,0xfa88032f5aa4656a8fb2a30e8babcdf1f52512f5,recipient,-24.114357,0.015461755770088036,2006687524411931797492604143949927,0,1558.8332693851673,202803,195823,13086730316
mypool,15837885,0xced5fce31a554923a9c5ae8bdc97f067e858fd2ecfdf642bd36c3ba395bc256e,1666855283,196,0xced5fce31a554923a9c5ae8bdc97f067e858fd2ecfdf642bd36c3ba395bc256e,0x117f7218c68f990d71277bcbaceebec2fefb81ef,recipient,155.805393,-0.1,2006687549182693056215797587398552,0,1558.8332309003652,202803,408242,13086730316
mypool,15837887,0x7af2fb89e63f991175a12adcac1abc8b3c49da62b5ab7990c747bc4e9b1925b2,1666855307,2,0x7af2fb89e63f991175a12adcac1abc8b3c49da62b5ab7990c747bc4e9b1925b2,0x474a6faf2178982be06028f0e1256af98910d9be,recipient,-334208.208165,214.25252617139,2006344277612940376958275039524290,0,1559.3666876080097,202799,194647,457492555646
mypool,15837888,0x675a32b54ec56995f1764a896ad7658385d70ca9032833eda44ff64fefb6001e,1666855319,2,0x675a32b54ec56995f1764a896ad7658385d70ca9032833eda44ff64fefb6001e,0x0fc7cb62247151faf5e7a948471308145f020d2e,recipient,-178059.084653,114.11040848547076,2006005109954200213705053844935800,0,1559.894035676069,202796,275908,12615801667
mypool,15837889,0x594dd0e4690c483c4eb5ffa013b1a3728230e67c3f5dba8578769bae2b36525b,1666855331,160,0x594dd0e4690c483c4eb5ffa013b1a3728230e67c3f5dba8578769bae2b36525b,0x8e3c8118f334d9c22adb01f469900a6a9ffa32f7,recipient,35.173367,-0.022559842555974798,2006005176974757744526637749737468,0,1559.8939314440686,202796,342532,14547925675
mypool,15837890,0xea01005fd4c9ef808782ff842dad379f447d27ba004a62342ca2e20c57afb147,1666855343,73,0xea01005fd4c9ef808782ff842dad379f447d27ba004a62342ca2e20c57afb147,0x8e331f15f4746265513396b972e823e85e7f2a46,recipient,-440.0,0.28192930777214026,2006004339002967822428408971543160,0,1559.8952346789197,202796,313885,14738923059
mypool,15837891,0xf592ab3a33f26b3f9db1f8db34cc3aa1d684107c2470839bb5d8e3796c706239,1666855355,135,0xf592ab3a33f26b3f9db1f8db34cc3aa1d684107c2470839bb5d8e3796c706239,0x57c3606b4a9f22525d735fb49be57fbfbbc485c7,recipient,1151.845112,-0.738782040244277,2006006533769358947619375274310073,0,1559.8918213263664,202796,282087,14637742273
mypool,15837892,0xa1ec00659c43e98d80e6024aec43757dea7bf5f46ba56a1c26dda73852b9eb62,1666855367,191,0xa1ec00659c43e98d80e6024aec43757dea7bf5f46ba56a1c26dda73852b9eb62,0x368dec1eb6e533119f8740c15613144bf5a668ca,recipient,-109471.270771,70.1363793603007,2005798069073667546871490793197821,0,1560.2160805597669,202794,283004,14243148781
mypool,15837894,0x0263e00af7e5f43fd6ee1a866fb2e59eeb7bf7d6622353eefac0e88e285ffb19,1666855391,40,0x0263e00af7e5f43fd6ee1a866fb2e59eeb7bf7d6622353eefac0e88e285ffb19,0xb3b7e1e44ad45ed0cae07c584203d2108482a0eb,recipient,-5000.0,3.2016082272368536,2005331753734274648286473523727012,0,1560.941783208729,202789,438592,14478492089
mypool,15837894,0xe509c156ed1b6174cb38dc6258cbde33c73273508830b668e2084eabed615f70,1666855391,2,0xe509c156ed1b6174cb38dc6258cbde33c73273508830b668e2084eabed615f70,0xd78ceba1f9291dade3539bd558eb5d9b969ec66f,recipient,-239887.281424,153.64073772847127,2005341406355567540876770299441446,0,1560.9267561977836,202789,194672,207360485636
mypool,15837895,0x411d05c70e1d945f792c419afd9a79b16ad6b3977c19cdb131c09af08ab23d8f,1666855403,5,0x411d05c70e1d945f792c419afd9a79b16ad6b3977c19cdb131c09af08ab23d8f,0x6ba335e5bb34bfcac7aef40628eff847b7af0851,recipient,-103763.747223,66.4352171670053,2005131456275526039950335992214609,0,1561.2536513281686,202787,275856,13823506012
mypool,15837896,0x6c6175449ea833750fa4df07e2a534ab006fa2afdf985961922817a325eced47,1666855415,210,0x6c6175449ea833750fa4df07e2a534ab006fa2afdf985961922817a325eced47,0x9024b138f4d7df2cb8bf1791dd17816ba975c879,recipient,-6218.028063,3.9806459963781635,2005105944096403763088499801204789,0,1561.2933811352864,202787,314912,14447531762
mypool,15837896,0x86a93a36ca914860dfbcec6c235185523b389a138fafcf23e48cf2ea5b76f9d7,1666855415,79,0x86a93a36ca914860dfbcec6c235185523b389a138fafcf23e48cf2ea5b76f9d7,0x9c2db427aec04c19618f0b56d8fe6cc7db6721a2,recipient,-7000.0,4.481304399703824,2005117945461210746057151763908618,0,1561.2746913665333,202787,269094,15447531762
mypool,15837898,0xade2903bdf2b11b293a973b6bae1367a599537bd14e57e3835ca490fbbf1426b,1666855439,98,0xade2903bdf2b11b293a973b6bae1367a599537bd14e57e3835ca490fbbf1426b,0xc753b47f4273d4a18161676c66c0c09b772980d3,recipient,-7810.556963,5.000080757380063,2005090869208235286762673929310364,0,1561.316857788596,202787,197052,14329376403
mypool,15837899,0x8473f5ec9d329968b6e25b39d2fcfc1242b07cf944fe78c6bc0add291b34024a,1666855451,2,0x8473f5ec9d329968b6e25b39d2fcfc1242b07cf944fe78c6bc0add291b34024a,0xff82bf5238637b7e5e345888bab9cd99f5ebe331,recipient,94551.654369,-60.594726951,2005273466659620828853426279006429,0,1561.0325279914764,202789,252298,13002144055
mypool,15837900,0x8f9c36c50bc2b251ae7225bef8b84a38f60f0d9d774c196564e773ace4e12104,1666855463,77,0x8f9c36c50bc2b251ae7225bef8b84a38f60f0d9d774c196564e773ace4e12104,0x866d3399c15ba5eaffbc881a5d432284b00c4057,recipient,218.409812,-0.14,2005390591724850362166300000740465,0,1560.850188752287,202790,174391,14216351512
mypool,15837900,0xfd4303f940ebd069559afdc68e97eb1f399f4e8d555b362fe8eb646a8cd7bbc6,1666855463,4,0xfd4303f940ebd069559afdc68e97eb1f399f4e8d555b362fe8eb646a8cd7bbc6,0x69e906c33722f61b854929cd2c6f3427dea9f090,recipient,60787.028719,-38.962025629481815,2005390175814232589258144070700728,0,1560.8508361816414,202790,202709,22796635457
mypool,15837901,0xfc642c8b114a22dc08e1e597e883d28137aade6e223428f6dff0ba14119e31cd,1666855475,2,0xfc642c8b114a22dc08e1e597e883d28137aade6e223428f6dff0ba14119e31cd,0x728140d4902ed52ba6708b8788c31f50ab3a145d,recipient,324000.29961,-207.7471280710061,2006007764841825787974748702990708,0,1559.8899067382808,202796,173185,237850016611
mypool,15837903,0x30c41ce6c26b66837f75f86eeeff1b00f1f1c90e46758bb6350495ba5eec002a,1666855499,366,0x30c41ce6c26b66837f75f86eeeff1b00f1f1c90e46758bb6350495ba5eec002a,0x967ead801a380a7f81b5df982eac2cdd35a075e4,recipient,36.394282,-0.023343120241034642,2006013567876988367685430910178298,0,1559.8808817914603,202796,289608,12670614681
mypool,15837903,0x8563bdb2dcefcaaa58beff64c6383c328f8f0804340c09017c02b4457b267cd2,1666855499,34,0x8563bdb2dcefcaaa58beff64c6383c328f8f0804340c09017c02b4457b267cd2,0x8aa3e4603b231875ff9339bc3993ba735690915d,recipient,2988.106534,-1.9165518077739663,2006013458515014109790880758268499,0,1559.8810518717326,202796,762036,11170614681
mypool,15837903,0xbf6000a1242877de8f2a3cb3bfa655bd461c6315faa179603b92c3cb5ad5033a,1666855499,360,0xbf6000a1242877de8f2a3cb3bfa655bd461c6315faa179603b92c3cb5ad5033a,0x685c99e8780e5a7f158617cc2e9acc0e45a66120,recipient,21.0,-0.013469299884447795,2006013498529477223428328823622221,0,1559.8809896410426,202796,188767,12670614681
mypool,15837904,0xc1a2e2316d6f008ac13736aa4bc6509ef60654a6fd78eecb0809941cb26e09b8,1666855511,16,0xc1a2e2316d6f008ac13736aa4bc6509ef60654a6fd78eecb0809941cb26e09b8,0x477d057ee378168d33d62eca943c0247e8b04139,recipient,-15000.0,9.61196039446974,2006067069476141699839047659678396,0,1559.797679180689,202797,524633,20000000000
mypool,15837904,0xc9b71b16be1f4dc32929f5834102d28d83ee93a4f230b7776066d4cd23a0a1a3,1666855511,5,0xc9b71b16be1f4dc32929f5834102d28d83ee93a4f230b7776066d4cd23a0a1a3,0xd68fe83d3834bf35c6e1aa8a9d81c56249a61881,recipient,43069.935761,-27.625984128,2006095638877883089360599797389725,0,1559.7532524162273,202797,278176,25314997626
mypool,15837905,0x81f276eb16251e4b7af860219cc5391a0969a233515a3fab9c7f99d9a2da8e9d,1666855523,21,0x81f276eb16251e4b7af860219cc5391a0969a233515a3fab9c7f99d9a2da8e9d,0xfde0d1575ed8e06fbf36256bcdfa1f359281455a,recipient,5245.857856,-3.3648647648145573,2006077065783163530651827204195259,0,1559.782134236867,202797,640152,12044126471
mypool,15837906,0x199f498dfa7bcf6dc04a2c9229603f74408549e170edd5151c6a64ed84a337ca,1666855535,113,0x199f498dfa7bcf6dc04a2c9229603f74408549e170edd5151c6a64ed84a337ca,0xa1a49bb9f4880587d837dff7207e5e86330f8dc6,recipient,-148.805073,0.09535347643933866,2006076782366288716960821454909583,0,1559.7825749663673,202797,261554,13772016900
mypool,15837906,0x7680e451d67e28da699796a5ac21095ddc26b20e27a90f7ccd72881a461cb1b2,1666855535,138,0x7680e451d67e28da699796a5ac21095ddc26b20e27a90f7ccd72881a461cb1b2,0x8c75d3585a21c21bb62cc255836d6531bd948f1a,recipient,935.400779,-0.6,2006078564840364886567204012222744,0,1559.7798031200223,202797,174453,13772016900
mypool,15837907,0x10a65511386f3e62afcf083470895fafb7cfab48e915e52a0c7b01d2fa194e06,1666855547,190,0x10a65511386f3e62afcf083470895fafb7cfab48e915e52a0c7b01d2fa194e06,0xa47bdb2d6b5cffd01b1da2ea5b728c8cc9a76b8b,recipient,6941.861958,-4.452762436266969,2006084354310777524582573833255953,0,1559.7708002224415,202797,418609,13374573009
mypool,15837907,0x12bf12754bf45d53896af83930d95119b614fa4c999672653b062565829799b7,1666855547,84,0x12bf12754bf45d53896af83930d95119b614fa4c999672653b062565829799b7,0x48a468c9455422f618e0e7ecd4e8ea25b043ddee,recipient,-3905.647347,2.5027122673840245,2006071126088094211763716213822511,0,1559.7913708425358,202797,316533,13374573009
mypool,15837908,0xad75f48c1ba241178e7a37352abf6a669858eac7259ccc555dbf36b66f05a8dd,1666855559,11,0xad75f48c1ba241178e7a37352abf6a669858eac7259ccc555dbf36b66f05a8dd,0x54fe3f5fdddd7108c31bea5da6630933c348d30e,recipient,222109.101167,-142.49778507928107,2006432354897595443510528397940840,0,1559.2297861383465,202800,445414,13364844271
mypool,15837909,0xeb7b5092e09f8bc0cb4e91dc18cf30a1c28d79fbf79f2deecd4dc7040c1bdce6,1666855571,338,0xeb7b5092e09f8bc0cb4e91dc18cf30a1c28d79fbf79f2deecd4dc7040c1bdce6,0x4772a9c9288e8a8147b6db2cba87cdabcd4b4280,recipient,-21383.0,13.70681523824788,2006410395667807264408179339984526,0,1559.2639164165867,202800,313796,12275396713
mypool,15837910,0x42a63e6055ab2aa588aaa4853c183576b4060d56cb7e164a4b6c8fef290adaa9,1666855583,12,0x42a63e6055ab2aa588aaa4853c183576b4060d56cb7e164a4b6c8fef290adaa9,0xb0ba33566bd35bcb80738810b2868dc1ddd1f0e9,recipient,4231.350626,-2.7150480996772894,2006414743180623949648198662897484,0,1559.257159177048,202800,300000,23660000000
mypool,15837911,0xf657036c74788da2d6326d7c5ab72a4e72007a2c3df69958036631a72e834e2f,1666855595,14,0xf657036c74788da2d6326d7c5ab72a4e72007a2c3df69958036631a72e834e2f,0xb0ba33566bd35bcb80738810b2868dc1ddd1f0e9,recipient,2951.604487,-1.8939053602692542,2006417775825912384179696572327597,0,1559.252445631982,202800,300000,21970000000
mypool,15837913,0xeaf4f8a5b8766feabfda95b1bdfcc5a633433e11e5d799d1ea7ad14daeebe175,1666855619,2,0xeaf4f8a5b8766feabfda95b1bdfcc5a633433e11e5d799d1ea7ad14daeebe175,0xfb9779477e5b4834bf2bc02dd29b97b344d0f700,recipient,-57836.849092,37.073034333420956,2006358382358814281778743567434003,0,1559.3447629172508,202800,239028,11364958386
mypool,15837914,0xe0b2d3c3798da53bd5df8278307999cd75e257d92b88a5b6775f62e6252ffe9b,1666855631,251,0xe0b2d3c3798da53bd5df8278307999cd75e257d92b88a5b6775f62e6252ffe9b,0x0726e7702f8c9442d15c99ed495777a43f2853f6,recipient,-50606.944356,32.4365318159917,2006274035481973035244778683791987,0,1559.475880225376,202799,671328,11127138382
mypool,15837917,0x4f81786d9240f9e1992ab5816db91520d5745d18b8efdd26892eef507d135954,1666855667,212,0x4f81786d9240f9e1992ab5816db91520d5745d18b8efdd26892eef507d135954,0x51ec652e62d4164811ef81b32cf146da91268833,recipient,66939.988905,-42.94861996353566,2006375162428483033336891069895750,0,1559.3186802535179,202800,1500000,12895573636
mypool,15837918,0xd7e21915195f4808ef2295acea462e5e5bface8002fec89493956098753f65f2,1666855679,2,0xd7e21915195f4808ef2295acea462e5e5bface8002fec89493956098753f65f2,0x4335a941d537747aec19ffc6add7044bf9e0dc18,recipient,40462.708973,-25.96248577171491,2006416724332111497311073212880783,0,1559.254079933262,202800,1500000,18487558514
mypool,15837919,0x1ce5fae2d328171ccef4b3607bab691d61ffd18ef90affd90342fd895cd44857,1666855691,3,0x1ce5fae2d328171ccef4b3607bab691d61ffd18ef90affd90342fd895cd44857,0x59ab8c4ae817afb4917913d506b37d5bb9ed3a12,recipient,-9126.242087,5.85,2006407354706731698756010610700260,0,1559.268642938804,202800,245978,12141142053
mypool,15837919,0xe0cd8645bfc5a5a6c9fb8954bce7e24e7661acb7af611d1b627be772e06d8496,1666855691,151,0xe0cd8645bfc5a5a6c9fb8954bce7e24e7661acb7af611d1b627be772e06d8496,0xc491ca546e3e082f9b5f1e142ffccdbc7f1d681d,recipient,-19028.361701,12.208603421492473,2007328096553167274691336012023558,0,1557.838528325508,202809,700000,15641142053
mypool,15837919,0xfd8e60c4e42ad215e12dcdc0c6979b3fce91c6c0e450b257d7d0301620e91544,1666855691,7,0xfd8e60c4e42ad215e12dcdc0c6979b3fce91c6c0e450b257d7d0301620e91544,0xf42508a3f1f3f097e7cfe5080feba1a8fd97d192,recipient,914988.322015,-587.374773251373,2007347650406239054409123525887457,0,1557.8081782291308,202810,162130,2041093416262
mypool,15837921,0xd3ce8108a6f34249755bc302f71d43773868f5208b7b8df4f9be41842543de6c,1666855715,351,0xd3ce8108a6f34249755bc302f71d43773868f5208b7b8df4f9be41842543de6c,0x423586a789541af29046e786709d4aa87d272821,recipient,-3000.0,1.9247793275387668,2007325013739280468054563828375707,0,1557.843313330331,202809,241024,11707816299
mypool,15837922,0xc55c55f578d01d4e55520be70fecc90a31d31179653313509c3a5bd15b34e41f,1666855727,14,0xc55c55f578d01d4e55520be70fecc90a31d31179653313509c3a5bd15b34e41f,0x934ed35e39f5d9b1d42041b3f6b74c0ce452f4ac,recipient,117990.488069,-75.78625348030904,2007581393313672842134083119162014,0,1557.4454478149446,202812,202568,51885332724
mypool,15837923,0x95b2d9982d0ca5ffa5109a0f6114f01d187afbdd06222ecc0e944a1c60bc8f8d,1666855739,256,0x95b2d9982d0ca5ffa5109a0f6114f01d187afbdd06222ecc0e944a1c60bc8f8d,0xf08214cbe3527cf4fd65bfce128e32c6eedd2174,recipient,752.708568,-0.4835391185235199,2007583226753071733161083580543976,0,1557.442603120385,202812,315490,12622538748
mypool,15837923,0x9956dbd24260dd90ac900f7939f99dfec77ea8bf3a1a74abd9b6a87516153331,1666855739,263,0x9956dbd24260dd90ac900f7939f99dfec77ea8bf3a1a74abd9b6a87516153331,0x26f984b6d48964ea4a8004cae27d0466279ca30e,recipient,-45.802399,0.029394017067146328,2007583115243771924096940424385280,0,1557.442776133734,202812,316822,12244944413
mypool,15837924,0x19090f2dc85667354b441b6089a6d75b797d43ea3c89ce4b0b00f0160bbaf86f,1666855751,137,0x19090f2dc85667354b441b6089a6d75b797d43ea3c89ce4b0b00f0160bbaf86f,0x966a061fadb7e6f1e8a0d1278594705aaeac5cf1,recipient,20.236889,-0.013,2007570383107774768511886104312906,0,1557.4625309939177,202812,195604,12688085008
mypool,15837924,0xbc990f7d78613fdfe2a00b9232655148b04d0eddf4b4a85575ecc3986b3af366,1666855751,92,0xbc990f7d78613fdfe2a00b9232655148b04d0eddf4b4a85575ecc3986b3af366,0xe43a0e64661844746a0ebd990bedf53f1e738bc9,recipient,-5250.0,3.3692034613434956,2007570333815563916239332029017789,0,1557.462607475196,202812,241046,13188085008
mypool,15837926,0x9be8a1d2111f687b66ced7daaa534baba87cce419df7c696117288b5cf4d4108,1666855775,266,0x9be8a1d2111f687b66ced7daaa534baba87cce419df7c696117288b5cf4d4108,0x8fb012d125264b9f2274fdaed105c26d6c0e772b,recipient,1551.421015,-0.9966211095652191,2007574162004534192712587398984782,0,1557.4566677140613,202812,166676,11794245412
mypool,15837927,0xeff2807f955db35c4b39ae0a24e80e01237736a3457f7d48fb7d9d7e159c1f30,1666855787,35,0xeff2807f955db35c4b39ae0a24e80e01237736a3457f7d48fb7d9d7e159c1f30,0x599da210eaa67270b127ef28a3f6e78c3725858a,recipient,42362.985122,-27.21511081998443,2007677353772296241692756423619915,0,1557.2965697021505,202813,173232,20281146033
mypool,15837928,0x600005e91fc4cc0166fa106d2736d025d70b22401f29efc77948e8d6dacaf148,1666855799,134,0x600005e91fc4cc0166fa106d2736d025d70b22401f29efc77948e8d6dacaf148,0x55a28a0334b507a3bf827a2050fde1519139ad70,recipient,90298.639151,-58.0195913445,2007897347151535917200230761910539,0,1556.9553409363593,202815,278264,13013330920
mypool,15837930,0xa4577f48796804fecaf8880c825ba5449805187e6bdff10212df7475a353a912,1666855823,28,0xa4577f48796804fecaf8880c825ba5449805187e6bdff10212df7475a353a912,0xed614a602c07c4c8e7088453441bec6e1c29672d,recipient,-312.635781,0.2006989772251781,2007896585778826237827738751819338,0,1556.9565216978983,202815,743008,12625155529
mypool,15837930,0xfdac4db90bd76012bc46e6d20dc3ea75f103faa5ab1ef04fc466280bdbfdc452,1666855823,235,0xfdac4db90bd76012bc46e6d20dc3ea75f103faa5ab1ef04fc466280bdbfdc452,0x8fbd19f9c029f06566c81b0d446a9508d9e8ab5a,recipient,570.408962,-0.36654504907235935,2007897975610814371006865606537510,0,1556.9543663023005,202815,267848,12125155529
mypool,15837933,0x88162e3930713404bd6a3d57a6f84be37e8f6f4b7f5be7587638e4d202c87b79,1666855859,2,0x88162e3930713404bd6a3d57a6f84be37e8f6f4b7f5be7587638e4d202c87b79,0xff82bf5238637b7e5e345888bab9cd99f5ebe331,recipient,-202143.659518,129.7360206922052,2007405808351254208392661620692624,0,1557.717914855781,202810,257066,10553494674
mypool,15837934,0xf27d5a8ea086e49564be998ef867bff89721208c2acc31f3e9443aedb4434d56,1666855871,127,0xf27d5a8ea086e49564be998ef867bff89721208c2acc31f3e9443aedb4434d56,0x01199c7c4d490fa953ed5e452a2c7ebf43fef48b,recipient,-787.257912,0.5051386546591654,2007403892054561624187258371775926,0,1557.7208888971531,202810,241015,13372295953
mypool,15837937,0x7b7bbdf3ba97b00c07f70ac4af4734375facbdc9a72415b5c0d176a72ccbb53a,1666855907,238,0x7b7bbdf3ba97b00c07f70ac4af4734375facbdc9a72415b5c0d176a72ccbb53a,0xe5da1092871a3a5034ae3c3d1d091bc4ea6b5ca9,recipient,2215.448759,-1.4232936606318318,2007649843709773319016057161434973,0,1557.339248080208,202813,532551,13633092550
mypool,15837937,0x8ef31f0eac92bfeb36d0b636bcd1452e29956be373e139226098560c17e46f5c,1666855907,13,0x8ef31f0eac92bfeb36d0b636bcd1452e29956be373e139226098560c17e46f5c,0x9380fbf3c062d638989fcd6d15b1f5b2cb3372d8,recipient,98764.242646,-63.442360820447746,2007644446995063736930351590296986,0,1557.347620605469,202812,173204,35279966608
mypool,15837938,0x55080f8f0fcb59fe11f33a18407887fd2cb0d48a18a6d8dd9217b11e118858be,1666855919,9,0x55080f8f0fcb59fe11f33a18407887fd2cb0d48a18a6d8dd9217b11e118858be,0x080968d80c0c3086ebdea6e930ca95c52942aecd,recipient,2050.0,-1.3170095192111844,2007654837425997581154411133668221,0,1557.3315008315742,202813,209330,14176011317
mypool,15837939,0xd67ce33ea1fa86d31d38f994c1575929d197bbb1d76f51d761902ae4408c56df,1666855931,203,0xd67ce33ea1fa86d31d38f994c1575929d197bbb1d76f51d761902ae4408c56df,0x8ee341a2ba7eb62fc81358550b403743ebd4e2ff,recipient,-1500.0,0.962702720597245,2007651185311825746326596705739782,0,1557.3371667138344,202813,223394,13127720815
mypool,15837940,0x1941052f2d4c8573a9974bef806be6881bae393c6a5e5849d53b58b0e71f5f03,1666855943,250,0x1941052f2d4c8573a9974bef806be6881bae393c6a5e5849d53b58b0e71f5f03,0x4a46357f3734e60941f0a78fcdce65af56ca2d58,recipient,766.673076,-0.4925484,2007661705325081287341046830054242,0,1557.3208460710987,202813,195621,13334792693
